2782 4164
77 290 80 296 ’
140 303 182 367 32
569 316 599 368 c.
619 315 721 366 mnu

138 492 207 546 tur:
243 505 316 547 nam
343 487 454 562 buxus,
476 505 539 564 qua
567 493 658 565 parte
685 487 867 548 defenditur
893 488 996 565 tectis,
1018 490 1142 550 abunde

139 591 237 668 viret3
272 596 381 669 aperto
401 592 486 652 caelo
511 599 680 669 apertoque
701 597 795 651 vento
815 598 848 652 et
868 612 1057 670 quamquam
1078 594 1143 653 lon-

139 696 257 773 ginqua
284 697 448 774 aspergine
475 696 571 756 maris
598 696 755 756 inarescit,
812 696 945 757 Adiacet
972 699 1142 773 gestationi
1163 715 1191 761 11

139 801 286 861 interiore
314 801 481 861 circumitu
508 801 600 860 vinea
626 806 734 860 tenera
761 808 793 861 et
820 801 966 863 umbrosa
985 803 1141 881 nudisque

104 907 234 965 tetiam
263 906 395 983 pedibus
423 905 528 966 mollis
563 911 595 965 et
630 905 751 965 cedens.
808 906 944 966 Hortum
981 926 1086 968 morus
1109 915 1142 968 et

138 1010 216 1069 ficus
237 1011 387 1087 frequens
410 1011 516 1085 vestit,
538 1029 670 1088 quarum
692 1011 836 1070 arborum
857 1011 914 1071 illa
934 1012 984 1071 vel
1006 1013 1141 1073 maxime

138 1115 229 1175 ferax
252 1121 336 1174 terra
360 1121 418 1191 est,
444 1115 609 1190 malignior
634 1115 754 1175 ceteris.
807 1116 878 1175 Hac
900 1135 963 1175 non
988 1117 1142 1177 deteriore

138 1239 233 1297 quam
248 1222 342 1280 maris
356 1220 439 1279 facie
452 1220 576 1280 cenatio
590 1226 709 1279 remota
723 1238 742 1279 a
755 1220 834 1280 mari
849 1220 982 1280 fruitur:
1004 1221 1142 1298 cingitur

138 1324 252 1384 diaetis
273 1325 393 1385 duabus
414 1344 433 1384 a
454 1332 550 1399 terge,
566 1343 697 1401 quarum
718 1324 867 1384 fenestris
889 1325 1029 1386 subiacet
1049 1327 1143 1402 yesti-

90 1442 119 1488 10
138 1429 246 1489 bulum
268 1428 362 1488 villae
383 1435 415 1488 et
436 1428 545 1488 hortus
566 1428 647 1488 alius
668 1428 794 1506 pinguis
816 1434 847 1488 ct
868 1429 1012 1490 rusticus.
1055 1431 1141 1491 Hinc
1163 1445 1192 1491 16

138 1534 389 1613 cryptoporticus
410 1552 507 1612 prope
528 1532 647 1610 publici
668 1533 770 1612 operis
791 1533 979 1594 extenditur.
1023 1536 1142 1597 Utrim-

137 1657 198 1717 que
225 1638 394 1712 fenestrae,
423 1655 443 1696 a
469 1635 549 1696 mari
576 1635 692 1713 plures,
721 1635 760 1699 ab
788 1635 879 1694 horto
908 1634 1058 1712 singulae,
1088 1636 1145 1696 sed

137 1742 269 1803 alternis
294 1741 463 1819 pauciores.
506 1740 586 1814 Hae,
608 1758 679 1798 oum
705 1757 832 1799 serenus
854 1739 921 1799 dies
942 1745 975 1799 et
994 1739 1143 1815 inmotus,

140 1864 255 1920 omnes,
277 1863 348 1903 cum
375 1843 449 1902 hinc
477 1842 528 1902 rel
556 1841 629 1900 inde
658 1841 761 1901 ventis
782 1840 951 1918 inquietus,
973 1842 1144 1919 querenti

91 1966 120 2012 15
140 1950 314 2027 quiescunt,
344 1947 411 2008 sine
446 1946 563 2006 iniuria
589 1951 707 2024 patent.
763 1945 848 2004 Ante
876 1947 1144 2024 cryptoporticum
1165 1963 1193 2009 17

140 2060 253 2133 xystus
274 2053 368 2114 violis
390 2053 551 2111 odoratus:
580 2056 720 2128 teporem
742 2049 817 2109 solis
837 2049 938 2109 infusi
959 2070 1144 2129 repercussu

140 2157 392 2237 cryptoporticus
411 2161 512 2232 auget,
528 2173 607 2233 quae
625 2161 662 2214 ut
679 2160 766 2213 tenet
787 2154 883 2214 solem
901 2154 946 2213 sio
965 2155 1145 2233 aquilonem

140 2263 263 2323 inhibet
284 2266 530 2338 summovetque‚
552 2266 764 2337 quantumque
786 2258 897 2318 caloris
922 2265 995 2319 ante
1020 2266 1145 2322 tantum

139 2377 223 2428 retro
237 2367 375 2443 frigoris.
420 2365 572 2425 Similiter
586 2365 731 2424 Africum
752 2365 847 2440 sistit,
862 2371 956 2443 atque
977 2366 1024 2426 ita
1044 2367 1145 2427 diver·

91 2487 121 2532 10
140 2473 280 2534 sissimos
295 2478 406 2532 ventos
421 2472 518 2532 alium
534 2470 597 2530 alio
617 2470 714 2528 latere
737 2469 858 2544 frangit
878 2475 911 2529 et
930 2469 1010 2530 finit.
1053 2472 1144 2532 Haec
1164 2484 1194 2530 18

139 2578 319 2639 iucunditas
344 2578 411 2638 eius
432 2577 543 2650 hieme,
564 2576 662 2635 maior
683 2582 810 2636 aestate.
856 2578 940 2636 Nam
960 2584 1033 2638 ante
1054 2579 1144 2638 meri-

140 2684 223 2743 diem
244 2689 382 2763 xystum,
397 2688 469 2761 post
489 2681 651 2741 meridiem
672 2682 855 2757 gestationis
877 2682 1022 2759 hortique
1041 2685 1144 2761 proxi-

139 2809 222 2848 mam
242 2795 365 2867 partem
386 2788 495 2847 umbra
522 2806 579 2847 sua
605 2792 766 2865 temperat,
789 2805 877 2864 quae,
899 2793 934 2847 ut
955 2788 1022 2848 dies
1043 2789 1144 2850 crevit

139 2895 328 2968 decrevitve‚
343 2893 435 2952 modo
449 2893 572 2953 brevior
592 2894 682 2952 modo
699 2893 819 2969 longior
838 2892 896 2952 hac
911 2892 961 2952 vel
976 2893 1033 2953 illa
1046 2894 1141 2954 cadit.

91 3011 120 3058 π
139 3000 216 3077 Ipsa
240 3017 313 3058 vero
338 2997 588 3076 cryptoporticus
616 3003 683 3056 tum
709 2997 841 3057 maxime
866 3003 951 3057 caret
975 2998 1049 3073 sole,
1072 3017 1144 3058 cum
1165 3008 1194 3052 19

140 3106 379 3166 ardentissimus
397 3104 527 3164 culmini
549 3104 616 3163 eius
637 3104 765 3164 insistit.
808 3105 860 3163 Ad
881 3104 939 3163 hoo
961 3104 1144 3181 patentibus

139 3210 288 3271 fenestris
303 3209 447 3270 favonios
462 3208 576 3286 accipit
586 3207 835 3284 transmittitque
846 3227 903 3267 nec
914 3227 1062 3287 umquam
1072 3218 1144 3269 abre

139 3316 230 3395 pigro
251 3322 283 3375 et
304 3320 449 3375 manente
466 3313 664 3389 ingravescit.
708 3313 747 3370 In
764 3313 866 3390 capite
888 3313 975 3391 xysti
994 3312 1143 3391 deinceps
1164 3321 1194 3366 2⁰

140 3421 391 3499 cryptoporticus
420 3419 504 3478 horti
531 3419 637 3478 diaeta
664 3422 722 3491 est,
750 3436 869 3477 amores
894 3417 972 3494 mei,
1007 3436 1041 3477 re
1070 3438 1145 3479 vera

91 3537 121 3583 so
141 3545 276 3586 amores:
313 3525 380 3602 ipse
404 3523 500 3601 posui.
544 3523 584 3581 In
604 3522 663 3581 hac
683 3521 907 3582 heliocaminus
928 3522 1056 3600 quidem
1080 3523 1144 3584 alia

141 3635 269 3709 xystum
288 3630 351 3689 alia
364 3647 448 3688 mare
463 3633 595 3704 utraque
611 3626 716 3699 solem,
731 3626 908 3685 cubiculum
922 3632 1026 3686 autem
1039 3627 1143 3688 valvis

140 3734 417 3814 cryptoporticum,
438 3733 578 3792 fenestra
599 3730 751 3809 prospicit
772 3749 864 3789 mare.
907 3731 1025 3792 Contra
1044 3732 1144 3810 paria·
1164 3743 1193 3790 21
