<?xml version="1.0" encoding="UTF-8"?>
<!DOCTYPE html PUBLIC "-//W3C//DTD XHTML 1.0 Transitional//EN"
    "http://www.w3.org/TR/xhtml1/DTD/xhtml1-transitional.dtd">
<html xmlns="http://www.w3.org/1999/xhtml" xml:lang="en" lang="en">
 <head>
  <title>
</title>
<meta http-equiv="Content-Type" content="text/html;charset=utf-8" />
  <meta name='ocr-system' content='tesseract 3.04.00' />
  <meta name='ocr-capabilities' content='ocr_page ocr_carea ocr_par ocr_line ocrx_word'/>
</head>
<body>
  <div class='ocr_page' id='page_1' title='image "./cplinisecundiep00plingoog_0113.png"; bbox 0 0 2782 4164; ppageno 0'>
   <div class='ocr_carea' id='block_1_1' title="bbox 213 286 793 395">
    <p class='ocr_par' dir='ltr' id='par_1_1' title="bbox 213 286 793 395">
     <span class='ocr_line' id='line_1_1' title="bbox 213 286 793 395; baseline -0.005 -29"><span class='ocrx_word' id='word_1_1' title='bbox 213 300 256 366; x_wconf 87' lang='grc'>64</span> <span class='ocrx_word' id='word_1_2' title='bbox 507 388 511 395; x_wconf 27' lang='grc' dir='ltr'>Ι</span> <span class='ocrx_word' id='word_1_3' title='bbox 641 313 670 365; x_wconf 90' lang='lat' dir='ltr'>c.</span> <span class='ocrx_word' id='word_1_4' title='bbox 692 286 793 363; x_wconf 82' lang='lat' dir='ltr'>rn&#39;rrrr</span> 
     </span>
    </p>
   </div>
   <div class='ocr_carea' id='block_1_2' title="bbox 165 482 1266 1805">
    <p class='ocr_par' dir='ltr' id='par_1_2' title="bbox 212 482 1240 878">
     <span class='ocr_line' id='line_1_2' title="bbox 212 482 1240 563; baseline -0.005 -17"><span class='ocrx_word' id='word_1_5' title='bbox 212 483 343 561; x_wconf 75' lang='lat' dir='ltr'>tissime,</span> <span class='ocrx_word' id='word_1_6' title='bbox 358 504 429 546; x_wconf 93' lang='lat' dir='ltr'>cum</span> <span class='ocrx_word' id='word_1_7' title='bbox 442 484 549 546; x_wconf 92' lang='lat' dir='ltr'>omnia</span> <span class='ocrx_word' id='word_1_8' title='bbox 561 504 601 546; x_wconf 85' lang='lat' dir='ltr'>ex</span> <span class='ocrx_word' id='word_1_9' title='bbox 614 484 746 546; x_wconf 91' lang='lat' dir='ltr'>consilio</span> <span class='ocrx_word' id='word_1_10' title='bbox 760 483 986 563; x_wconf 76' lang='lat' dir='ltr'>sapientissimi</span> <span class='ocrx_word' id='word_1_11' title='bbox 997 482 1058 543; x_wconf 83' lang='lat' dir='ltr'>riri</span> <span class='ocrx_word' id='word_1_12' title='bbox 1071 483 1216 543; x_wconf 81' lang='lat' dir='ltr'>facerem.</span> <span class='ocrx_word' id='word_1_13' title='bbox 1237 514 1240 523; x_wconf 90' lang='lat'>·</span> 
     </span>
     <span class='ocr_line' id='line_1_3' title="bbox 212 587 1216 667; baseline -0.004 -17"><span class='ocrx_word' id='word_1_14' title='bbox 212 589 296 661; x_wconf 81' lang='lat' dir='ltr'>Quin</span> <span class='ocrx_word' id='word_1_15' title='bbox 314 590 410 650; x_wconf 90' lang='lat' dir='ltr'>etiam</span> <span class='ocrx_word' id='word_1_16' title='bbox 428 590 563 650; x_wconf 89' lang='lat' dir='ltr'>moriens</span> <span class='ocrx_word' id='word_1_17' title='bbox 582 589 667 650; x_wconf 90' lang='lat' dir='ltr'>filiae</span> <span class='ocrx_word' id='word_1_18' title='bbox 687 608 769 666; x_wconf 88' lang='lat' dir='ltr'>suae,</span> <span class='ocrx_word' id='word_1_19' title='bbox 788 595 824 649; x_wconf 90' lang='lat' dir='ltr'>ut</span> <span class='ocrx_word' id='word_1_20' title='bbox 843 589 913 667; x_wconf 91' lang='lat' dir='ltr'>ipsa</span> <span class='ocrx_word' id='word_1_21' title='bbox 930 588 1010 648; x_wconf 88' lang='lat' dir='ltr'>solet</span> <span class='ocrx_word' id='word_1_22' title='bbox 1028 587 1216 666; x_wconf 86' lang='lat' dir='ltr'>praedicare,</span> 
     </span>
     <span class='ocr_line' id='line_1_4' title="bbox 215 686 1218 772; baseline -0.003 -18"><span class='ocrx_word' id='word_1_23' title='bbox 215 686 349 756; x_wconf 71' lang='lat' dir='ltr'>‘multos</span> <span class='ocrx_word' id='word_1_24' title='bbox 361 695 489 772; x_wconf 91' lang='lat' dir='ltr'>quidem</span> <span class='ocrx_word' id='word_1_25' title='bbox 502 695 617 755; x_wconf 90' lang='lat' dir='ltr'>amicos</span> <span class='ocrx_word' id='word_1_26' title='bbox 634 694 693 755; x_wconf 89' lang='lat' dir='ltr'>tibi</span> <span class='ocrx_word' id='word_1_27' title='bbox 707 700 744 754; x_wconf 89' lang='lat' dir='ltr'>ut</span> <span class='ocrx_word' id='word_1_28' title='bbox 761 694 900 770; x_wconf 80' lang='lat' dir='ltr'>longiore</span> <span class='ocrx_word' id='word_1_29' title='bbox 914 694 981 754; x_wconf 86' lang='lat' dir='ltr'>vita</span> <span class='ocrx_word' id='word_1_30' title='bbox 1000 692 1117 772; x_wconf 87' lang='lat' dir='ltr'>paravi,</span> <span class='ocrx_word' id='word_1_31' title='bbox 1133 710 1218 769; x_wconf 81' lang='lat' dir='ltr'>prac-</span> 
     </span>
     <span class='ocr_line' id='line_1_5' title="bbox 213 799 1218 878; baseline -0.002 -19"><span class='ocrx_word' id='word_1_32' title='bbox 213 800 322 878; x_wconf 89' lang='lat' dir='ltr'>cipuos</span> <span class='ocrx_word' id='word_1_33' title='bbox 337 806 443 860; x_wconf 89' lang='lat' dir='ltr'>tamen</span> <span class='ocrx_word' id='word_1_34' title='bbox 458 801 635 861; x_wconf 81' lang='lat' dir='ltr'>Secundum</span> <span class='ocrx_word' id='word_1_35' title='bbox 650 806 682 860; x_wconf 85' lang='lat' dir='ltr'>et</span> <span class='ocrx_word' id='word_1_36' title='bbox 699 800 890 861; x_wconf 67' lang='lat' dir='ltr'>Cornutum!</span> <span class='ocrx_word' id='word_1_37' title='bbox 932 799 1022 870; x_wconf 82' lang='lat' dir='ltr'>Quod</span> <span class='ocrx_word' id='word_1_38' title='bbox 1036 818 1106 858; x_wconf 89' lang='lat' dir='ltr'>oum</span> <span class='ocrx_word' id='word_1_39' title='bbox 1120 816 1218 859; x_wconf 90' lang='lat' dir='ltr'>recor-</span> 
     </span>
    </p>

    <p class='ocr_par' dir='ltr' id='par_1_3' title="bbox 178 903 1266 1402">
     <span class='ocr_line' id='line_1_6' title="bbox 178 903 1264 983; baseline -0.002 -20"><span class='ocrx_word' id='word_1_40' title='bbox 178 916 192 962; x_wconf 71' lang='grc' dir='ltr'><strong>ὅ</strong></span> <span class='ocrx_word' id='word_1_41' title='bbox 214 905 279 979; x_wconf 90' lang='lat' dir='ltr'>dor,</span> <span class='ocrx_word' id='word_1_42' title='bbox 294 904 444 981; x_wconf 87' lang='lat' dir='ltr'>intellego</span> <span class='ocrx_word' id='word_1_43' title='bbox 457 905 537 964; x_wconf 92' lang='lat' dir='ltr'>mihi</span> <span class='ocrx_word' id='word_1_44' title='bbox 554 905 759 966; x_wconf 89' lang='lat' dir='ltr'>laborandum</span> <span class='ocrx_word' id='word_1_45' title='bbox 774 923 813 964; x_wconf 89' lang='lat' dir='ltr'>ne</span> <span class='ocrx_word' id='word_1_46' title='bbox 828 923 890 983; x_wconf 89' lang='lat' dir='ltr'>qua</span> <span class='ocrx_word' id='word_1_47' title='bbox 906 910 994 982; x_wconf 84' lang='lat' dir='ltr'>parte</span> <span class='ocrx_word' id='word_1_48' title='bbox 1009 903 1117 963; x_wconf 84' lang='lat' dir='ltr'>videar</span> <span class='ocrx_word' id='word_1_49' title='bbox 1136 904 1218 964; x_wconf 90' lang='lat' dir='ltr'>hanc</span> <span class='ocrx_word' id='word_1_50' title='bbox 1238 916 1264 962; x_wconf 86' lang='lat' dir='ltr'>lo</span> 
     </span>
     <span class='ocr_line' id='line_1_7' title="bbox 214 1008 1265 1088; baseline 0.001 -19"><span class='ocrx_word' id='word_1_51' title='bbox 214 1010 253 1069; x_wconf 91' lang='lat' dir='ltr'>de</span> <span class='ocrx_word' id='word_1_52' title='bbox 273 1029 323 1069; x_wconf 90' lang='lat' dir='ltr'>me</span> <span class='ocrx_word' id='word_1_53' title='bbox 343 1009 492 1070; x_wconf 86' lang='lat' dir='ltr'>fiduciam</span> <span class='ocrx_word' id='word_1_54' title='bbox 513 1009 783 1088; x_wconf 82' lang='lat' dir='ltr'>providentissimi</span> <span class='ocrx_word' id='word_1_55' title='bbox 802 1009 864 1068; x_wconf 89' lang='lat' dir='ltr'>viri</span> <span class='ocrx_word' id='word_1_56' title='bbox 884 1008 1074 1069; x_wconf 88' lang='lat' dir='ltr'>destituisse.</span> <span class='ocrx_word' id='word_1_57' title='bbox 1117 1009 1217 1079; x_wconf 80' lang='lat' dir='ltr'>Quare</span> <span class='ocrx_word' id='word_1_58' title='bbox 1239 1025 1265 1070; x_wconf 89' lang='lat'>11</span> 
     </span>
     <span class='ocr_line' id='line_1_8' title="bbox 214 1114 1218 1192; baseline -0.002 -17"><span class='ocrx_word' id='word_1_59' title='bbox 214 1133 271 1191; x_wconf 91' lang='lat' dir='ltr'>ego</span> <span class='ocrx_word' id='word_1_60' title='bbox 281 1134 355 1174; x_wconf 87' lang='lat' dir='ltr'>vero</span> <span class='ocrx_word' id='word_1_61' title='bbox 367 1115 519 1176; x_wconf 83' lang='lat' dir='ltr'>Corelliae</span> <span class='ocrx_word' id='word_1_62' title='bbox 534 1116 628 1176; x_wconf 85' lang='lat' dir='ltr'>adero</span> <span class='ocrx_word' id='word_1_63' title='bbox 643 1114 876 1192; x_wconf 85' lang='lat' dir='ltr'>promptissime</span> <span class='ocrx_word' id='word_1_64' title='bbox 891 1132 947 1174; x_wconf 90' lang='lat' dir='ltr'>neo</span> <span class='ocrx_word' id='word_1_65' title='bbox 963 1114 1066 1174; x_wconf 89' lang='lat' dir='ltr'>subire</span> <span class='ocrx_word' id='word_1_66' title='bbox 1081 1114 1218 1174; x_wconf 87' lang='lat' dir='ltr'>offensas</span> 
     </span>
     <span class='ocr_line' id='line_1_9' title="bbox 214 1218 1266 1297; baseline -0.002 -17"><span class='ocrx_word' id='word_1_67' title='bbox 214 1220 379 1280; x_wconf 83' lang='lat' dir='ltr'>recusabo:</span> <span class='ocrx_word' id='word_1_68' title='bbox 402 1238 591 1297; x_wconf 85' lang='lat' dir='ltr'>quamquam</span> <span class='ocrx_word' id='word_1_69' title='bbox 605 1239 668 1279; x_wconf 93' lang='lat' dir='ltr'>non</span> <span class='ocrx_word' id='word_1_70' title='bbox 683 1220 784 1280; x_wconf 92' lang='lat' dir='ltr'>solum</span> <span class='ocrx_word' id='word_1_71' title='bbox 797 1219 922 1279; x_wconf 85' lang='lat' dir='ltr'>veniam</span> <span class='ocrx_word' id='word_1_72' title='bbox 937 1237 985 1277; x_wconf 89' lang='lat' dir='ltr'>me</span> <span class='ocrx_word' id='word_1_73' title='bbox 1000 1218 1219 1278; x_wconf 86' lang='lat' dir='ltr'>verumetiam</span> <span class='ocrx_word' id='word_1_74' title='bbox 1264 1265 1266 1269; x_wconf 14' lang='grc' dir='ltr'><em>Α</em></span> 
     </span>
     <span class='ocr_line' id='line_1_10' title="bbox 214 1323 1218 1402; baseline -0.001 -17"><span class='ocrx_word' id='word_1_75' title='bbox 214 1325 340 1385; x_wconf 86' lang='lat' dir='ltr'>laudem</span> <span class='ocrx_word' id='word_1_76' title='bbox 354 1326 438 1402; x_wconf 87' lang='lat' dir='ltr'>apud</span> <span class='ocrx_word' id='word_1_77' title='bbox 451 1325 549 1385; x_wconf 87' lang='lat' dir='ltr'>istum</span> <span class='ocrx_word' id='word_1_78' title='bbox 567 1325 671 1402; x_wconf 92' lang='lat' dir='ltr'>ipsum</span> <span class='ocrx_word' id='word_1_79' title='bbox 685 1343 788 1402; x_wconf 90' lang='lat' dir='ltr'>aquo,</span> <span class='ocrx_word' id='word_1_80' title='bbox 802 1330 838 1384; x_wconf 90' lang='lat' dir='ltr'>ut</span> <span class='ocrx_word' id='word_1_81' title='bbox 854 1324 910 1398; x_wconf 86' lang='lat' dir='ltr'>ais,</span> <span class='ocrx_word' id='word_1_82' title='bbox 925 1342 1007 1382; x_wconf 81' lang='lat' dir='ltr'>nova</span> <span class='ocrx_word' id='word_1_83' title='bbox 1022 1323 1063 1383; x_wconf 92' lang='lat' dir='ltr'>lis</span> <span class='ocrx_word' id='word_1_84' title='bbox 1082 1323 1218 1384; x_wconf 85' lang='lat' dir='ltr'>fortasse</span> 
     </span>
    </p>

    <p class='ocr_par' dir='ltr' id='par_1_4' title="bbox 165 1427 1220 1805">
     <span class='ocr_line' id='line_1_11' title="bbox 165 1427 1218 1503; baseline -0.003 -12"><span class='ocrx_word' id='word_1_85' title='bbox 165 1445 194 1491; x_wconf 91' lang='lat'>10</span> <span class='ocrx_word' id='word_1_86' title='bbox 214 1436 250 1490; x_wconf 89' lang='lat' dir='ltr'>ut</span> <span class='ocrx_word' id='word_1_87' title='bbox 276 1430 413 1490; x_wconf 87' lang='lat' dir='ltr'>feminae</span> <span class='ocrx_word' id='word_1_88' title='bbox 444 1430 619 1489; x_wconf 87' lang='lat' dir='ltr'>intenditur</span> <span class='ocrx_word' id='word_1_89' title='bbox 650 1430 783 1489; x_wconf 86' lang='lat' dir='ltr'>arbitror</span> <span class='ocrx_word' id='word_1_90' title='bbox 811 1434 1057 1503; x_wconf 88' lang='lat' dir='ltr'>consecuturum,</span> <span class='ocrx_word' id='word_1_91' title='bbox 1086 1427 1114 1488; x_wconf 92' lang='lat' dir='ltr'>si</span> <span class='ocrx_word' id='word_1_92' title='bbox 1140 1428 1218 1488; x_wconf 86' lang='lat' dir='ltr'>haec</span> 
     </span>
     <span class='ocr_line' id='line_1_12' title="bbox 214 1533 1220 1611; baseline -0.003 -16"><span class='ocrx_word' id='word_1_93' title='bbox 214 1536 324 1595; x_wconf 87' lang='lat' dir='ltr'>eadem</span> <span class='ocrx_word' id='word_1_94' title='bbox 341 1535 376 1594; x_wconf 93' lang='lat' dir='ltr'>in</span> <span class='ocrx_word' id='word_1_95' title='bbox 393 1535 524 1608; x_wconf 88' lang='lat' dir='ltr'>actione,</span> <span class='ocrx_word' id='word_1_96' title='bbox 539 1534 635 1595; x_wconf 92' lang='lat' dir='ltr'>latius</span> <span class='ocrx_word' id='word_1_97' title='bbox 655 1534 775 1597; x_wconf 88' lang='lat' dir='ltr'>scilicet</span> <span class='ocrx_word' id='word_1_98' title='bbox 794 1540 825 1594; x_wconf 89' lang='lat' dir='ltr'>et</span> <span class='ocrx_word' id='word_1_99' title='bbox 844 1534 970 1595; x_wconf 87' lang='lat' dir='ltr'>uberius</span> <span class='ocrx_word' id='word_1_100' title='bbox 990 1552 1084 1609; x_wconf 90' lang='lat' dir='ltr'>quam</span> <span class='ocrx_word' id='word_1_101' title='bbox 1102 1533 1220 1611; x_wconf 89' lang='lat' dir='ltr'>epistu-</span> 
     </span>
     <span class='ocr_line' id='line_1_13' title="bbox 214 1638 1220 1715; baseline 0 -17"><span class='ocrx_word' id='word_1_102' title='bbox 214 1640 315 1699; x_wconf 92' lang='lat' dir='ltr'>larum</span> <span class='ocrx_word' id='word_1_103' title='bbox 336 1640 500 1715; x_wconf 89' lang='lat' dir='ltr'>angustiae</span> <span class='ocrx_word' id='word_1_104' title='bbox 521 1639 639 1713; x_wconf 90' lang='lat' dir='ltr'>sinunt,</span> <span class='ocrx_word' id='word_1_105' title='bbox 661 1639 711 1698; x_wconf 86' lang='lat' dir='ltr'>rel</span> <span class='ocrx_word' id='word_1_106' title='bbox 735 1639 770 1697; x_wconf 92' lang='lat' dir='ltr'>in</span> <span class='ocrx_word' id='word_1_107' title='bbox 794 1639 1027 1699; x_wconf 84' lang='lat' dir='ltr'>excusationem</span> <span class='ocrx_word' id='word_1_108' title='bbox 1046 1638 1098 1698; x_wconf 85' lang='lat' dir='ltr'>vel</span> <span class='ocrx_word' id='word_1_109' title='bbox 1123 1638 1220 1698; x_wconf 87' lang='lat' dir='ltr'>etiam</span> 
     </span>
     <span class='ocr_line' id='line_1_14' title="bbox 214 1743 902 1805; baseline -0.001 -1"><span class='ocrx_word' id='word_1_110' title='bbox 214 1745 515 1805; x_wconf 87' lang='lat' dir='ltr'>commendationem</span> <span class='ocrx_word' id='word_1_111' title='bbox 534 1762 636 1804; x_wconf 89' lang='lat' dir='ltr'>meam</span> <span class='ocrx_word' id='word_1_112' title='bbox 657 1743 772 1803; x_wconf 84' lang='lat' dir='ltr'>dixero.</span> <span class='ocrx_word' id='word_1_113' title='bbox 814 1743 902 1805; x_wconf 84' lang='lat' dir='ltr'>Vale.</span> 
     </span>
    </p>
   </div>
   <div class='ocr_carea' id='block_1_3' title="bbox 288 1953 1150 2167">
    <p class='ocr_par' dir='ltr' id='par_1_5' title="bbox 288 1953 1150 2167">
     <span class='ocr_line' id='line_1_15' title="bbox 613 1953 816 2035; baseline -0.03 -17"><span class='ocrx_word' id='word_1_114' title='bbox 613 1957 665 2018; x_wconf 71' lang='grc' dir='ltr'>ει</span> <span class='ocrx_word' id='word_1_115' title='bbox 697 1953 816 2035; x_wconf 79' lang='lat' dir='ltr'>(xix.)</span> 
     </span>
     <span class='ocr_line' id='line_1_16' title="bbox 288 2113 1150 2167; baseline -0.005 0"><span class='ocrx_word' id='word_1_116' title='bbox 288 2114 321 2167; x_wconf 83' lang='grc'>0.</span> <span class='ocrx_word' id='word_1_117' title='bbox 343 2114 489 2166; x_wconf 82' lang='lat' dir='ltr'>PLINIUS</span> <span class='ocrx_word' id='word_1_118' title='bbox 512 2114 748 2165; x_wconf 80' lang='lat' dir='ltr'>CALPURNIAE</span> <span class='ocrx_word' id='word_1_119' title='bbox 774 2113 980 2165; x_wconf 78' lang='lat' dir='ltr'>HISPULLAE</span> <span class='ocrx_word' id='word_1_120' title='bbox 1005 2113 1100 2165; x_wconf 81' lang='lat' dir='ltr'>SUAE</span> <span class='ocrx_word' id='word_1_121' title='bbox 1124 2113 1150 2165; x_wconf 87' lang='lat' dir='ltr'>S.</span> 
     </span>
    </p>
   </div>
   <div class='ocr_carea' id='block_1_4' title="bbox 462 2249 970 2311">
    <p class='ocr_par' dir='ltr' id='par_1_6' title="bbox 462 2249 970 2311">
     <span class='ocr_line' id='line_1_17' title="bbox 462 2249 970 2311; baseline -0.002 -13"><span class='ocrx_word' id='word_1_122' title='bbox 462 2249 545 2310; x_wconf 73' lang='lat' dir='ltr'>Pliny</span> <span class='ocrx_word' id='word_1_123' title='bbox 552 2250 659 2311; x_wconf 78' lang='lat' dir='ltr'>proicer</span> <span class='ocrx_word' id='word_1_124' title='bbox 670 2249 713 2298; x_wconf 77' lang='lat' dir='ltr'>ao</span> <span class='ocrx_word' id='word_1_125' title='bbox 725 2249 785 2311; x_wconf 76' lang='lat' dir='ltr'>wr&#39;se</span> <span class='ocrx_word' id='word_1_126' title='bbox 796 2255 823 2298; x_wconf 76' lang='lat' dir='ltr'>to</span> <span class='ocrx_word' id='word_1_127' title='bbox 836 2249 884 2299; x_wconf 77' lang='lat' dir='ltr'>her</span> <span class='ocrx_word' id='word_1_128' title='bbox 895 2255 970 2299; x_wconf 78' lang='lat' dir='ltr'>aaut.</span> 
     </span>
    </p>
   </div>
   <div class='ocr_carea' id='block_1_5' title="bbox 164 2379 1253 3822">
    <p class='ocr_par' dir='ltr' id='par_1_7' title="bbox 164 2379 1253 3822">
     <span class='ocr_line' id='line_1_18' title="bbox 254 2379 1252 2459; baseline -0.002 -16"><span class='ocrx_word' id='word_1_129' title='bbox 254 2383 334 2444; x_wconf 79' lang='lat' dir='ltr'>(lum</span> <span class='ocrx_word' id='word_1_130' title='bbox 363 2381 405 2441; x_wconf 89' lang='lat' dir='ltr'>sis</span> <span class='ocrx_word' id='word_1_131' title='bbox 430 2380 559 2459; x_wconf 87' lang='lat' dir='ltr'>pietatis</span> <span class='ocrx_word' id='word_1_132' title='bbox 588 2379 766 2456; x_wconf 86' lang='lat' dir='ltr'>exemplum</span> <span class='ocrx_word' id='word_1_133' title='bbox 789 2380 983 2458; x_wconf 85' lang='lat' dir='ltr'>fratremque</span> <span class='ocrx_word' id='word_1_134' title='bbox 1006 2381 1160 2458; x_wconf 85' lang='lat' dir='ltr'>optimum</span> <span class='ocrx_word' id='word_1_135' title='bbox 1185 2385 1252 2441; x_wconf 88' lang='lat' dir='ltr'>etl</span> 
     </span>
     <span class='ocr_line' id='line_1_19' title="bbox 165 2484 1218 2563; baseline -0.007 -11"><span class='ocrx_word' id='word_1_136' title='bbox 165 2506 193 2552; x_wconf 78' lang='lat'>15</span> <span class='ocrx_word' id='word_1_137' title='bbox 213 2486 466 2547; x_wconf 89' lang='lat' dir='ltr'>amantissimum</span> <span class='ocrx_word' id='word_1_138' title='bbox 487 2485 534 2544; x_wconf 89' lang='lat' dir='ltr'>tui</span> <span class='ocrx_word' id='word_1_139' title='bbox 555 2484 625 2562; x_wconf 91' lang='lat' dir='ltr'>pari</span> <span class='ocrx_word' id='word_1_140' title='bbox 647 2484 779 2544; x_wconf 86' lang='lat' dir='ltr'>caritate</span> <span class='ocrx_word' id='word_1_141' title='bbox 802 2484 950 2545; x_wconf 86' lang='lat' dir='ltr'>dilexeris</span> <span class='ocrx_word' id='word_1_142' title='bbox 967 2484 1128 2563; x_wconf 89' lang='lat' dir='ltr'>filiamque</span> <span class='ocrx_word' id='word_1_143' title='bbox 1149 2484 1218 2545; x_wconf 90' lang='lat' dir='ltr'>eius</span> 
     </span>
     <span class='ocr_line' id='line_1_20' title="bbox 213 2588 1216 2666; baseline -0.004 -14"><span class='ocrx_word' id='word_1_144' title='bbox 213 2597 250 2652; x_wconf 89' lang='lat' dir='ltr'>ut</span> <span class='ocrx_word' id='word_1_145' title='bbox 263 2597 352 2651; x_wconf 88' lang='lat' dir='ltr'>tuam</span> <span class='ocrx_word' id='word_1_146' title='bbox 375 2590 489 2666; x_wconf 89' lang='lat' dir='ltr'>diligas</span> <span class='ocrx_word' id='word_1_147' title='bbox 511 2608 568 2649; x_wconf 89' lang='lat' dir='ltr'>neo</span> <span class='ocrx_word' id='word_1_148' title='bbox 590 2594 714 2649; x_wconf 88' lang='lat' dir='ltr'>tantum</span> <span class='ocrx_word' id='word_1_149' title='bbox 737 2589 852 2648; x_wconf 89' lang='lat' dir='ltr'>amitae</span> <span class='ocrx_word' id='word_1_150' title='bbox 874 2588 903 2648; x_wconf 89' lang='lat' dir='ltr'>ei</span> <span class='ocrx_word' id='word_1_151' title='bbox 925 2589 1084 2649; x_wconf 85' lang='lat' dir='ltr'>adfectum</span> <span class='ocrx_word' id='word_1_152' title='bbox 1107 2608 1216 2649; x_wconf 83' lang='lat' dir='ltr'>verum</span> 
     </span>
     <span class='ocr_line' id='line_1_21' title="bbox 213 2693 1217 2773; baseline -0.002 -17"><span class='ocrx_word' id='word_1_153' title='bbox 213 2697 309 2757; x_wconf 83' lang='lat' dir='ltr'>etiam</span> <span class='ocrx_word' id='word_1_154' title='bbox 324 2696 424 2773; x_wconf 90' lang='lat' dir='ltr'>patris</span> <span class='ocrx_word' id='word_1_155' title='bbox 438 2693 546 2754; x_wconf 88' lang='lat' dir='ltr'>amissi</span> <span class='ocrx_word' id='word_1_156' title='bbox 561 2700 783 2771; x_wconf 86' lang='lat' dir='ltr'>repraesentes,</span> <span class='ocrx_word' id='word_1_157' title='bbox 798 2712 861 2752; x_wconf 93' lang='lat' dir='ltr'>non</span> <span class='ocrx_word' id='word_1_158' title='bbox 883 2693 992 2753; x_wconf 90' lang='lat' dir='ltr'>dubito</span> <span class='ocrx_word' id='word_1_159' title='bbox 1006 2694 1143 2753; x_wconf 85' lang='lat' dir='ltr'>maximo</span> <span class='ocrx_word' id='word_1_160' title='bbox 1156 2693 1217 2754; x_wconf 94' lang='lat' dir='ltr'>tibi</span> 
     </span>
     <span class='ocr_line' id='line_1_22' title="bbox 214 2797 1216 2878; baseline -0.003 -17"><span class='ocrx_word' id='word_1_161' title='bbox 214 2801 329 2878; x_wconf 92' lang='lat' dir='ltr'>gaudio</span> <span class='ocrx_word' id='word_1_162' title='bbox 352 2800 430 2874; x_wconf 85' lang='lat' dir='ltr'>fore,</span> <span class='ocrx_word' id='word_1_163' title='bbox 454 2817 525 2857; x_wconf 89' lang='lat' dir='ltr'>cum</span> <span class='ocrx_word' id='word_1_164' title='bbox 547 2798 728 2873; x_wconf 85' lang='lat' dir='ltr'>cognoveris</span> <span class='ocrx_word' id='word_1_165' title='bbox 748 2797 875 2873; x_wconf 88' lang='lat' dir='ltr'>dignam</span> <span class='ocrx_word' id='word_1_166' title='bbox 898 2803 996 2875; x_wconf 89' lang='lat' dir='ltr'>patre,</span> <span class='ocrx_word' id='word_1_167' title='bbox 1020 2798 1147 2873; x_wconf 88' lang='lat' dir='ltr'>dignam</span> <span class='ocrx_word' id='word_1_168' title='bbox 1175 2803 1216 2873; x_wconf 88' lang='lat' dir='ltr'>te,</span> 
     </span>
     <span class='ocr_line' id='line_1_23' title="bbox 214 2902 1253 2981; baseline -0.006 -16"><span class='ocrx_word' id='word_1_169' title='bbox 214 2907 342 2981; x_wconf 86' lang='lat' dir='ltr'>dignam</span> <span class='ocrx_word' id='word_1_170' title='bbox 364 2923 422 2964; x_wconf 86' lang='lat' dir='ltr'>avo</span> <span class='ocrx_word' id='word_1_171' title='bbox 443 2903 582 2962; x_wconf 85' lang='lat' dir='ltr'>evadere.</span> <span class='ocrx_word' id='word_1_172' title='bbox 626 2902 787 2962; x_wconf 82' lang='lat' dir='ltr'>Summum</span> <span class='ocrx_word' id='word_1_173' title='bbox 804 2906 852 2962; x_wconf 90' lang='lat' dir='ltr'>est</span> <span class='ocrx_word' id='word_1_174' title='bbox 868 2921 1004 2976; x_wconf 81' lang='lat' dir='ltr'>acumen,</span> <span class='ocrx_word' id='word_1_175' title='bbox 1020 2920 1142 2961; x_wconf 90' lang='lat' dir='ltr'>summa</span> <span class='ocrx_word' id='word_1_176' title='bbox 1154 2903 1218 2962; x_wconf 87' lang='lat' dir='ltr'>fru·</span> <span class='ocrx_word' id='word_1_177' title='bbox 1237 2913 1253 2959; x_wconf 77' lang='lat'><strong>2</strong></span> 
     </span>
     <span class='ocr_line' id='line_1_24' title="bbox 164 3007 1217 3088; baseline -0.004 -18"><span class='ocrx_word' id='word_1_178' title='bbox 164 3033 194 3078; x_wconf 77' lang='lat'>20</span> <span class='ocrx_word' id='word_1_179' title='bbox 214 3011 343 3088; x_wconf 85' lang='lat' dir='ltr'>galitas:</span> <span class='ocrx_word' id='word_1_180' title='bbox 366 3014 451 3069; x_wconf 86' lang='lat' dir='ltr'>amat</span> <span class='ocrx_word' id='word_1_181' title='bbox 465 3027 523 3080; x_wconf 90' lang='lat' dir='ltr'>me,</span> <span class='ocrx_word' id='word_1_182' title='bbox 539 3007 623 3085; x_wconf 90' lang='lat' dir='ltr'>quod</span> <span class='ocrx_word' id='word_1_183' title='bbox 642 3007 799 3067; x_wconf 85' lang='lat' dir='ltr'>eastitatis</span> <span class='ocrx_word' id='word_1_184' title='bbox 813 3007 964 3066; x_wconf 87' lang='lat' dir='ltr'>indicium</span> <span class='ocrx_word' id='word_1_185' title='bbox 986 3011 1042 3067; x_wconf 91' lang='lat' dir='ltr'>est.</span> <span class='ocrx_word' id='word_1_186' title='bbox 1085 3007 1217 3066; x_wconf 87' lang='lat' dir='ltr'>Accedit</span> 
     </span>
     <span class='ocr_line' id='line_1_25' title="bbox 213 3110 1214 3190; baseline -0.006 -14"><span class='ocrx_word' id='word_1_187' title='bbox 213 3116 265 3175; x_wconf 92' lang='lat' dir='ltr'>his</span> <span class='ocrx_word' id='word_1_188' title='bbox 288 3114 429 3176; x_wconf 86' lang='lat' dir='ltr'>studium</span> <span class='ocrx_word' id='word_1_189' title='bbox 451 3112 637 3185; x_wconf 85' lang='lat' dir='ltr'>litterarum,</span> <span class='ocrx_word' id='word_1_190' title='bbox 659 3113 743 3188; x_wconf 92' lang='lat' dir='ltr'>quod</span> <span class='ocrx_word' id='word_1_191' title='bbox 765 3130 804 3170; x_wconf 86' lang='lat' dir='ltr'>ex</span> <span class='ocrx_word' id='word_1_192' title='bbox 827 3110 890 3170; x_wconf 92' lang='lat' dir='ltr'>mei</span> <span class='ocrx_word' id='word_1_193' title='bbox 912 3111 1043 3170; x_wconf 89' lang='lat' dir='ltr'>caritate</span> <span class='ocrx_word' id='word_1_194' title='bbox 1063 3111 1214 3190; x_wconf 89' lang='lat' dir='ltr'>concepit.</span> 
     </span>
     <span class='ocr_line' id='line_1_26' title="bbox 214 3215 1253 3290; baseline -0.007 -10"><span class='ocrx_word' id='word_1_195' title='bbox 214 3221 303 3280; x_wconf 90' lang='lat' dir='ltr'>Meos</span> <span class='ocrx_word' id='word_1_196' title='bbox 331 3218 456 3279; x_wconf 91' lang='lat' dir='ltr'>libellos</span> <span class='ocrx_word' id='word_1_197' title='bbox 483 3217 588 3290; x_wconf 88' lang='lat' dir='ltr'>habet,</span> <span class='ocrx_word' id='word_1_198' title='bbox 617 3216 748 3290; x_wconf 86' lang='lat' dir='ltr'>lectitat,</span> <span class='ocrx_word' id='word_1_199' title='bbox 772 3215 884 3275; x_wconf 87' lang='lat' dir='ltr'>ediscit</span> <span class='ocrx_word' id='word_1_200' title='bbox 911 3215 1015 3275; x_wconf 86' lang='lat' dir='ltr'>etiam.</span> <span class='ocrx_word' id='word_1_201' title='bbox 1066 3217 1134 3287; x_wconf 81' lang='lat' dir='ltr'>Qua</span> <span class='ocrx_word' id='word_1_202' title='bbox 1160 3216 1253 3277; x_wconf 78' lang='lat' dir='ltr'>illae</span> 
     </span>
     <span class='ocr_line' id='line_1_27' title="bbox 214 3320 1217 3397; baseline -0.004 -12"><span class='ocrx_word' id='word_1_203' title='bbox 214 3323 437 3397; x_wconf 89' lang='lat' dir='ltr'>sollicitudine,</span> <span class='ocrx_word' id='word_1_204' title='bbox 449 3341 520 3382; x_wconf 91' lang='lat' dir='ltr'>cum</span> <span class='ocrx_word' id='word_1_205' title='bbox 534 3321 642 3380; x_wconf 85' lang='lat' dir='ltr'>videor</span> <span class='ocrx_word' id='word_1_206' title='bbox 657 3326 791 3394; x_wconf 86' lang='lat' dir='ltr'>acturus,</span> <span class='ocrx_word' id='word_1_207' title='bbox 807 3326 933 3396; x_wconf 86' lang='lat' dir='ltr'>quante,</span> <span class='ocrx_word' id='word_1_208' title='bbox 948 3332 1019 3379; x_wconf 88' lang='lat' dir='ltr'>oum</span> <span class='ocrx_word' id='word_1_209' title='bbox 1033 3320 1092 3396; x_wconf 89' lang='lat' dir='ltr'>egi,</span> <span class='ocrx_word' id='word_1_210' title='bbox 1104 3321 1217 3397; x_wconf 85' lang='lat' dir='ltr'>gaudio</span> 
     </span>
     <span class='ocr_line' id='line_1_28' title="bbox 213 3424 1215 3503; baseline -0.006 -13"><span class='ocrx_word' id='word_1_211' title='bbox 213 3429 375 3491; x_wconf 85' lang='lat' dir='ltr'>adficitur!</span> <span class='ocrx_word' id='word_1_212' title='bbox 418 3425 567 3503; x_wconf 89' lang='lat' dir='ltr'>Disponit</span> <span class='ocrx_word' id='word_1_213' title='bbox 595 3425 649 3502; x_wconf 92' lang='lat' dir='ltr'>qui</span> <span class='ocrx_word' id='word_1_214' title='bbox 672 3424 819 3484; x_wconf 88' lang='lat' dir='ltr'>nuntient</span> <span class='ocrx_word' id='word_1_215' title='bbox 841 3424 903 3484; x_wconf 90' lang='lat' dir='ltr'>sibi</span> <span class='ocrx_word' id='word_1_216' title='bbox 925 3443 1018 3502; x_wconf 91' lang='lat' dir='ltr'>quem</span> <span class='ocrx_word' id='word_1_217' title='bbox 1039 3425 1215 3501; x_wconf 89' lang='lat' dir='ltr'>adsensum,</span> 
     </span>
     <span class='ocr_line' id='line_1_29' title="bbox 164 3529 1214 3613; baseline -0.004 -20"><span class='ocrx_word' id='word_1_218' title='bbox 164 3555 193 3600; x_wconf 71' lang='lat'>25</span> <span class='ocrx_word' id='word_1_219' title='bbox 213 3554 291 3613; x_wconf 93' lang='lat' dir='ltr'>quos</span> <span class='ocrx_word' id='word_1_220' title='bbox 306 3534 457 3594; x_wconf 88' lang='lat' dir='ltr'>clamores</span> <span class='ocrx_word' id='word_1_221' title='bbox 472 3531 644 3603; x_wconf 83' lang='lat' dir='ltr'>excitarim,</span> <span class='ocrx_word' id='word_1_222' title='bbox 661 3549 753 3607; x_wconf 91' lang='lat' dir='ltr'>quem</span> <span class='ocrx_word' id='word_1_223' title='bbox 776 3534 923 3588; x_wconf 78' lang='lat' dir='ltr'>eventum</span> <span class='ocrx_word' id='word_1_224' title='bbox 945 3529 1056 3588; x_wconf 88' lang='lat' dir='ltr'>iudicii</span> <span class='ocrx_word' id='word_1_225' title='bbox 1078 3530 1214 3590; x_wconf 89' lang='lat' dir='ltr'>tulerim.</span> 
     </span>
     <span class='ocr_line' id='line_1_30' title="bbox 213 3633 1217 3715; baseline -0.003 -17"><span class='ocrx_word' id='word_1_226' title='bbox 213 3639 341 3712; x_wconf 83' lang='lat' dir='ltr'>Eadem,</span> <span class='ocrx_word' id='word_1_227' title='bbox 358 3637 525 3715; x_wconf 90' lang='lat' dir='ltr'>siquando</span> <span class='ocrx_word' id='word_1_228' title='bbox 546 3635 651 3707; x_wconf 88' lang='lat' dir='ltr'>recito,</span> <span class='ocrx_word' id='word_1_229' title='bbox 667 3635 699 3692; x_wconf 92' lang='lat' dir='ltr'>in</span> <span class='ocrx_word' id='word_1_230' title='bbox 714 3634 856 3711; x_wconf 83' lang='lat' dir='ltr'>proximo</span> <span class='ocrx_word' id='word_1_231' title='bbox 879 3633 1015 3693; x_wconf 90' lang='lat' dir='ltr'>discreta</span> <span class='ocrx_word' id='word_1_232' title='bbox 1035 3633 1106 3694; x_wconf 85' lang='lat' dir='ltr'>velo</span> <span class='ocrx_word' id='word_1_233' title='bbox 1128 3636 1217 3695; x_wconf 85' lang='lat' dir='ltr'>sedet</span> 
     </span>
     <span class='ocr_line' id='line_1_31' title="bbox 213 3737 1253 3822; baseline -0.006 -20"><span class='ocrx_word' id='word_1_234' title='bbox 213 3744 384 3822; x_wconf 89' lang='lat' dir='ltr'>laudesque</span> <span class='ocrx_word' id='word_1_235' title='bbox 411 3747 535 3801; x_wconf 89' lang='lat' dir='ltr'>nostras</span> <span class='ocrx_word' id='word_1_236' title='bbox 559 3737 751 3799; x_wconf 86' lang='lat' dir='ltr'>avidissimis</span> <span class='ocrx_word' id='word_1_237' title='bbox 774 3738 902 3799; x_wconf 90' lang='lat' dir='ltr'>auribus</span> <span class='ocrx_word' id='word_1_238' title='bbox 930 3738 1056 3816; x_wconf 86' lang='lat' dir='ltr'>excipit.</span> <span class='ocrx_word' id='word_1_239' title='bbox 1097 3740 1216 3800; x_wconf 88' lang='lat' dir='ltr'>Versus</span> <span class='ocrx_word' id='word_1_240' title='bbox 1237 3751 1253 3796; x_wconf 82' lang='lat' dir='ltr'>s</span> 
     </span>
    </p>
   </div>
   <div class='ocr_carea' id='block_1_6' title="bbox 0 0 1398 4164">
    <p class='ocr_par' dir='ltr' id='par_1_8' title="bbox 0 0 1398 4164">
     <span class='ocr_line' id='line_1_32' title="bbox 0 0 1398 4164; baseline 0 0"><span class='ocrx_word' id='word_1_241' title='bbox 0 0 1398 4164; x_wconf 95' lang='lat' dir='ltr'> </span> 
     </span>
    </p>
   </div>
  </div>
 </body>
</html>
