2782 4164
501 306 764 359 nrrsrumnmr
787 305 837 359 vi
858 304 900 360 io.
1162 295 1199 362 81

197 479 315 556 ambio,
328 498 387 556 ego
406 478 584 559 periclitor:
612 480 647 541 iu
667 500 797 556 summa,
818 480 845 542 si
866 480 959 541 datur
978 479 1100 541 Nasoni
1120 480 1204 558 quod

197 583 291 663 petit,
305 583 393 646 illius
407 583 522 662 honor3
545 585 573 645 si
587 591 728 662 negatur,
743 603 814 645 mea
828 584 953 663 repulsa
966 590 1023 645 est
1064 583 1152 646 Vale.

619 816 674 880 er.
702 814 789 896 (rx.)

451 974 483 1027 C.
507 974 652 1027 PLINIUS
674 975 808 1026 TA01T0
831 975 898 1027 SUO
921 974 948 1028 S.

335 1121 444 1174 Tacitus
455 1123 505 1174 bas
517 1123 615 1186 beroea
626 1124 709 1186 Ptine
721 1130 748 1174 to
760 1130 871 1187 support
882 1124 977 1174 Julius
989 1122 1073 1174 Naso.

162 1271 180 1319 1
240 1267 447 1329 Commendas
471 1268 551 1327 mihi
571 1268 690 1328 Iulium
710 1270 871 1329 Nasonem
889 1268 1099 1329 candidatum.
1141 1269 1205 1329 Na·

199 1390 308 1433 sonem
321 1372 429 1433 mihi?
450 1373 528 1451 quid
542 1374 570 1434 si
583 1391 633 1433 me
644 1373 774 1452 ipsum?
817 1375 897 1433 Fero
907 1379 1012 1434 tamen
1024 1379 1056 1434 et
1067 1374 1201 1449 ignosco.

198 1477 344 1538 Eundem
359 1479 442 1538 enim
457 1479 722 1539 commendassem
743 1479 811 1552 tibi,
827 1479 855 1539 si
875 1484 907 1538 te
927 1479 1046 1538 Romae
1062 1484 1204 1539 morante
1222 1490 1237 1536 ⁵

198 1581 268 1660 ipse
282 1582 442 1643 afuissem.
485 1582 593 1644 Habet
606 1584 665 1643 hoc
682 1583 871 1659 sollicitudo,
887 1585 970 1661 quod
984 1583 1089 1643 omnia
1101 1601 1204 1644 neces

163 1693 181 1740 2
200 1686 285 1748 seria
304 1694 405 1765 putat.
447 1689 496 1748 Tu
510 1694 625 1764 tamen,
641 1706 760 1764 censeo,
776 1688 854 1748 alios
872 1707 978 1764 roges3
1000 1706 1057 1767 ego
1077 1706 1204 1767 precum

198 1796 326 1852 tuarum
340 1791 486 1853 minister
500 1792 625 1852 adiutor
639 1792 796 1871 particeps
811 1810 872 1852 ero.
914 1791 1002 1854 Vale.

626 2043 679 2106 es
708 2041 776 2125 (x.)

449 2200 479 2252 O.
505 2199 650 2251 PLINIUS
672 2200 810 2252 ALBINO
833 2201 902 2253 SUO
925 2201 953 2254 S.

267 2343 374 2408 Princo
385 2346 593 2397 mother-ialam
605 2361 678 2398 otone
690 2362 706 2399 a
718 2349 784 2399 oilla
796 2348 882 2399 which
894 2361 957 2399 once
972 2348 1100 2412 bcloaqed
1111 2355 1138 2400 to

580 2438 722 2502 Verrinias
734 2438 832 2502 Rufus.

165 2591 180 2639 1
241 2581 320 2642 Cum
340 2581 497 2643 venissem
518 2581 552 2642 in
570 2601 676 2645 socrus
696 2602 783 2644 meae
797 2583 906 2643 villam
922 2582 1108 2659 Alsiensem,
1124 2603 1203 2662 quae

200 2671 370 2764 aliquando
383 2686 458 2747 anfi
472 2687 604 2764 Vergini
618 2688 690 2763 fus,
705 2688 773 2766 ipse
788 2688 868 2748 mihi
886 2687 972 2750 rocus
988 2689 1100 2767 optimi
1116 2688 1203 2750 uuus
1223 2697 1250 2743 ιο

200 2794 233 2851 et
256 2791 387 2851 maximi
410 2791 473 2852 viri
497 2792 687 2853 desiderium
714 2812 777 2852 non
805 2794 872 2853 sine
900 2792 1005 2854 dolore
1029 2795 1201 2854 renovavit.

200 2896 295 2956 Hunc
312 2897 396 2956 enim
413 2896 514 2957 coiere
533 2916 687 2958 secessum
705 2904 799 2976 atque
821 2899 915 2958 etiam
938 2900 1107 2959 senectutis
1129 2918 1203 2960 suae

164 3000 342 3061 anidulum
370 3020 481 3062 vocare
509 3009 720 3063 consueverat.
763 3004 962 3080 Quocumque
986 3022 1035 3062 me
1058 3004 1204 3064 contulis-

200 3123 275 3181 sem,
286 3105 378 3166 illum
392 3106 524 3183 animus,
536 3107 627 3166 illum
638 3108 719 3194 oculi
734 3108 942 3185 requirebant.
985 3108 1094 3168 Libuit
1108 3109 1202 3169 etiam

165 3229 181 3275 3
199 3210 427 3271 monimentum
441 3212 508 3273 eius
523 3212 639 3287 videre,
655 3219 687 3273 et
701 3213 817 3274 vidisse
835 3213 1000 3291 paenituit.
1041 3215 1101 3274 Est
1119 3214 1202 3273 enim
1222 3219 1250 3264 15

200 3316 301 3376 adhuc
315 3316 535 3394 inperfectum,
550 3337 606 3378 nec
621 3318 787 3380 difficultas
802 3319 904 3397 operis
923 3319 957 3377 in
972 3338 1073 3394 eausa,
1087 3319 1203 3379 modici

200 3439 235 3481 ac
256 3421 362 3500 potius
384 3421 498 3498 exigui,
518 3423 573 3483 scd
594 3423 710 3483 inertia
730 3423 796 3485 eius
818 3424 869 3483 oui
887 3442 960 3484 cura
977 3425 1127 3484 mandata
1144 3429 1200 3484 est.

201 3525 292 3586 Subit
313 3525 489 3603 indignatio
510 3546 580 3586 cum
601 3528 810 3604 miseratione,
825 3534 897 3607 post
918 3528 1071 3589 decimum
1092 3527 1201 3589 mortis

200 3648 316 3690 annum
337 3631 486 3709 reliquias
508 3632 747 3711 neglectumque
768 3633 904 3694 cinerem
926 3633 993 3694 sine
1011 3633 1115 3709 titulo,
1134 3633 1201 3694 sine

199 3735 325 3795 nomine
339 3735 448 3811 iacere,
463 3737 552 3798 cuius
566 3739 716 3798 memoria
729 3739 834 3799 orbem
847 3744 1001 3798 terrarum
1020 3737 1119 3813 gloria
1135 3757 1201 3816 per·
1220 3739 1249 3786 ²⁰
