2782 4164
159 293 202 360 36
589 307 619 360 c.
640 307 741 358 rann

158 479 350 556 frequenter,
372 479 456 557 quod
476 479 555 539 iram
577 480 714 556 deorum,
736 501 814 558 quos
836 482 905 560 ipse
929 483 1044 544 cotidie
1065 484 1161 560 fallit,

158 583 192 643 in
216 590 311 661 caput
335 584 472 644 infelicis
501 585 590 662 pueri
615 586 798 646 detestatur.
851 588 992 650 Velleius
1021 589 1196 666 Blaesus?

158 689 214 749 ille
238 688 377 768 locuples
402 689 583 764 consularis,
605 690 778 750 novissima
801 692 983 753 valetudine
1008 694 1164 775 conflicta

158 795 266 855 batur:
289 794 435 874 cupiebat
448 799 569 853 mutare
588 800 819 856 testamentum.
862 798 1012 874 Regulus,
1027 800 1083 877 qui
1097 819 1163 878 spc-

122 905 241 959 oraret
262 898 384 977 aliquid
404 917 444 958 ex
464 899 553 959 novis
574 899 701 975 tabulis,
723 901 798 978 quia
821 921 921 979 nuper
942 910 1066 981 captare
1091 924 1161 964 enm
1269 985 1271 990 Ι

158 1010 310 1082 coeperat,
325 1003 461 1064 medicos
482 1003 611 1079 hortari,
630 1023 738 1080 rogare
759 1025 883 1084 quoquo
904 1009 996 1068 modo
1015 1009 1162 1086 spiritum

157 1109 279 1168 homini
300 1114 511 1187 prorogarent.
553 1109 726 1186 Postquam
749 1111 908 1186 signatum
929 1118 977 1172 est
998 1119 1198 1179 testamen-s

158 1219 235 1289 tum,
263 1220 366 1273 mutat
400 1232 573 1291 personam,
603 1214 699 1274 vertit
733 1215 972 1292 adlocutionem,
1001 1217 1162 1296 isdemque

158 1319 288 1378 medicis
317 1324 495 1394 ‘quousque
523 1318 672 1378 miserum
700 1319 876 1380 cruciatis?
906 1322 983 1398 quid
1011 1323 1161 1383 invidetis

104 1440 139 1487 v10
158 1424 240 1483 bona
266 1428 365 1482 morte
393 1424 443 1482 cui
471 1423 544 1482 dare
573 1424 672 1483 vitam
700 1443 763 1483 non
793 1425 971 1503 potestis?'
1027 1428 1163 1487 Moritur

160 1528 299 1603 Blaesus,
323 1534 354 1587 et
374 1534 535 1604 tamquam
557 1529 662 1588 omnia
684 1530 832 1605 audisset,
855 1532 978 1606 Regulo
1000 1552 1039 1591 ne
1061 1538 1164 1593 tantu-

159 1634 224 1693 lum
253 1633 388 1710 quidem.
446 1632 610 1693 Sufficiunt
638 1635 716 1693 duae
744 1635 880 1711 fabulae,
909 1655 949 1695 an
977 1638 1199 1705 scholasticas

159 1739 227 1815 lege
255 1738 382 1797 tertiam
410 1739 540 1816 poscis?
583 1745 631 1799 est
658 1740 742 1799 unde
774 1740 838 1799 fiat.
890 1742 1028 1816 Aurelia,
1054 1749 1213 1807 ornatam

159 1844 286 1917 femina,
309 1843 470 1918 signatura
490 1850 714 1904 testamentum
738 1851 913 1922 sumpserat
936 1846 1163 1923 pulcherrimas

111 1965 140 2010 15
159 1949 290 2008 tunicas.
346 1948 486 2024 Regulus
511 1968 581 2008 cum
606 1949 746 2009 venisset
770 1950 810 2009 ad
835 1950 1031 2026 signandum,
1055 1954 1162 2028 ‘rogo'

159 2054 264 2131 inquit
279 2054 353 2114 ‘has
371 2054 450 2112 mihi
472 2055 575 2129 leges!
618 2055 749 2114 Aurelia
767 2055 875 2114 ludere
896 2056 1055 2116 hominem
1077 2064 1165 2134 puta·
1185 2083 1213 2127 11

160 2159 222 2234 bat,
234 2159 289 2218 ille
304 2159 385 2220 serio
400 2159 553 2219 instabat:
576 2179 615 2219 ne
630 2159 738 2234 multa,
750 2160 852 2235 coegit
866 2161 1029 2220 mulierem
1043 2161 1164 2239 aperire

159 2265 283 2325 tabulas
297 2283 332 2324 ac
348 2264 408 2324 sibi
427 2265 548 2324 tunicas
568 2284 646 2341 quas
664 2270 732 2323 erat
751 2265 863 2323 induta
879 2264 1000 2340 legare:
1023 2266 1165 2326 observa-

161 2371 208 2430 vit
228 2370 424 2444 scribentem,
442 2369 581 2446 inspexit
603 2388 642 2428 an
664 2369 848 2446 scripsisset.
892 2371 935 2429 Et
951 2371 1083 2431 Aurelia
1100 2371 1166 2448 qui-

111 2493 141 2539 10
161 2477 232 2536 dem
251 2475 341 2549 vivit,
360 2475 415 2534 ille
436 2479 541 2533 tamen
562 2474 648 2534 istud
668 2480 829 2551 tamquam
849 2475 1034 2534 morituram
1054 2476 1164 2552 coegit,

160 2583 204 2642 Et
227 2581 279 2640 hic
304 2580 503 2654 hereditates,
526 2579 578 2638 hio
602 2579 714 2653 legata,
740 2579 831 2656 quasi
853 2585 1018 2655 mereatur,
1041 2581 1164 2658 accipit.

161 2687 255 2748 Ἀλλὰ
269 2690 299 2747 τί
313 2687 476 2762 lascivom
491 2685 524 2743 in
542 2703 579 2743 ea
595 2683 732 2758 civitate,
747 2684 781 2742 in
800 2702 862 2761 qua
881 2684 944 2744 iam
962 2685 1084 2762 pridem
1102 2704 1166 2745 non
1188 2704 1216 2748 12

161 2792 283 2852 minora
307 2790 453 2869 praemia,
480 2790 575 2848 immo
598 2788 725 2863 maiora,
750 2788 893 2867 nequitia
921 2794 952 2848 et
979 2789 1166 2867 improbitas

162 2916 255 2975 qnam
278 2897 377 2974 pudor
403 2901 434 2954 et
454 2895 556 2953 virtus
582 2893 724 2952 habent?
780 2893 896 2970 Aspice
922 2893 1087 2969 Regulum,
1110 2895 1167 2972 qui
1188 2914 1218 2958 13

113 3021 142 3068 as
162 3021 201 3061 ex
220 3019 356 3080 paupere
370 3006 402 3060 et
416 2999 504 3058 tenui
523 2999 564 3057 ad
583 3002 687 3056 tantas
707 3016 780 3074 opes
799 3017 855 3075 per
873 2997 996 3073 flagitia
1014 3000 1167 3076 processit

161 3113 198 3166 ut
212 3107 279 3184 ipse
294 3105 372 3164 mihi
388 3103 512 3178 dixerit,
527 3122 596 3162 oum
612 3102 788 3161 consuleret
802 3121 897 3179 quam
912 3103 974 3162 cito
986 3104 1165 3184 sestertium

163 3210 331 3273 sescenties
359 3209 536 3287 inpleturus
565 3213 656 3281 esset,
682 3207 840 3267 invenisse
865 3225 898 3266 se
921 3213 994 3267 exta
1018 3208 1167 3286 duplicia,

163 3317 276 3395 quibus
297 3313 443 3392 portendi
463 3312 565 3372 milies
588 3318 620 3371 et
642 3311 802 3370 ducenties
824 3311 1013 3371 habiturum.
1056 3313 1100 3372 Et
1116 3312 1170 3373 ha
1190 3336 1218 3381 11

93 3480 97 3485 ,
162 3421 259 3496 bebit,
281 3420 308 3480 si
332 3419 432 3493 modo,
458 3425 494 3477 ut
522 3416 633 3494 coepit,
658 3415 761 3474 aliena
788 3421 985 3491 testamenta,
1012 3418 1095 3493 quod
1120 3423 1169 3478 est

112 3550 144 3596 30
163 3525 419 3604 inprobissimnm
440 3541 536 3598 genus
556 3520 640 3594 falsi,
659 3519 737 3597 ipsis
752 3538 883 3595 quorum
905 3526 979 3579 sunt
998 3520 1054 3580 illa
1073 3521 1171 3582 dicta

162 3631 253 3690 verit.
296 3629 383 3691 Vale,
