2782 4164
518 306 781 358 nms'ruunnuu
802 274 852 357 rx.
872 306 913 358 aa
1153 293 1218 360 119

213 486 262 539 ter
276 486 382 540 tamen
403 484 435 540 et
455 479 513 539 illa
533 478 684 540 firmatur.
726 478 847 538 Iterum
862 478 996 554 ambulo,
1010 497 1119 554 ungor,
1135 496 1218 538 exer·

178 592 194 637 4
214 602 293 660 0001,
307 585 403 645 lavor.
447 583 579 646 Cenanti
599 583 688 659 mihi,
703 583 731 644 si
746 602 817 643 cum
831 601 927 643 uxore
939 583 991 643 vel
1005 584 1123 662 paucis,
1138 583 1217 643 liber

213 689 344 766 legitur:
373 696 445 768 post
471 708 581 750 cenam
608 690 773 749 comoedus
795 693 851 749 aut
871 687 1017 767 lyristes:
1045 707 1118 748 mox
1145 707 1216 749 cum

213 795 291 855 meis
306 795 440 870 ambulo,
455 814 587 872 quorum
602 795 635 853 in
651 813 780 854 numero
794 799 869 854 sunt
885 793 1010 854 eruditi.
1053 793 1105 854 Ita
1118 794 1215 855 variis

214 899 408 960 sermonibus
423 918 553 977 vespera
567 899 756 975 extenditur,
768 904 800 959 et
811 917 999 976 quamquam
1013 898 1215 975 longissimus
1235 910 1250 956 0

179 1008 194 1054 ὅ
214 1004 281 1064 dies
295 1005 358 1064 cito
372 1004 525 1065 conditur.
567 1005 641 1064 Non
661 1023 832 1082 numquam
848 1023 887 1063 ex
900 1003 959 1063 hoc
981 1003 1089 1064 ordine
1110 1003 1216 1081 aliqua

213 1114 383 1169 mutantur.
425 1110 509 1170 Nam
525 1109 552 1168 si
567 1108 622 1168 diu
635 1108 718 1168 iacui
732 1108 783 1168 vel
797 1108 964 1185 ambulavi,
980 1114 1052 1187 post
1073 1128 1215 1169 somnum

213 1213 338 1273 demum
366 1214 594 1291 lectionemque
621 1232 684 1273 non
704 1214 849 1274 vehiculo
876 1213 941 1290 sed,
969 1214 1052 1290 quod
1079 1214 1214 1290 brevius,

213 1319 287 1396 quia
300 1318 447 1395 velocius,
463 1336 543 1396 equo
557 1323 669 1394 gestor.
711 1318 932 1379 Interveniunt
952 1318 1045 1379 amici
1062 1319 1216 1408 01101011-

213 1423 273 1484 mis
292 1424 417 1502 oppidis
440 1428 622 1502 partemque
644 1422 707 1483 diei
728 1423 769 1483 ad
791 1441 823 1482 se
843 1423 975 1483 trahunt
995 1423 1214 1501 interdumque
1235 1434 1263 1480 10

178 1536 193 1581 6
213 1527 296 1589 lasso
310 1529 389 1588 mihi
404 1535 578 1606 opportuna
592 1528 847 1606 interpellatione
868 1528 1067 1589 subveniunt.
1110 1529 1215 1590 Venor
1232 1511 1237 1519 ’

213 1634 390 1711 aliquando,
413 1634 469 1694 sed
488 1653 552 1694 non
573 1634 642 1694 sine
663 1633 879 1711 pugillaribus,
901 1638 946 1710 ut,
968 1633 1112 1711 quamvis
1132 1633 1214 1694 nihil

213 1738 356 1818 ceperim,
371 1758 434 1799 non
449 1739 529 1798 nihil
546 1740 689 1800 referam.
731 1741 833 1800 Datur
847 1743 880 1799 et
896 1738 1023 1814 colonis,
1038 1745 1075 1800 ut
1088 1738 1215 1800 videtur

212 1842 300 1922 ipsis,
315 1863 376 1903 non
392 1844 470 1904 satis
484 1843 643 1922 temporis,
658 1863 790 1923 quorum
807 1843 886 1903 mihi
903 1849 1042 1920 agrestes
1057 1843 1214 1921 querellae

211 1947 335 2010 litteras
349 1955 472 2010 nostras
487 1950 609 2010 ethaeo
623 1950 742 2010 urbana
755 1969 849 2027 opera
863 1948 1090 2010 commendant.
1125 1948 1212 2011 Vale.
1234 1960 1263 2008 15
1306 2016 1308 2020 Α

569 2203 645 2265 100.
671 2201 861 2283 (xxxix.)

459 2370 490 2422 C.
514 2371 660 2422 PLINIUS
683 2372 820 2423 MUSTIO
844 2372 912 2423 SUO
935 2372 961 2424 S.

523 2528 698 2579 Ecstoratiou
715 2530 748 2592 os
761 2544 778 2581 a
796 2531 898 2592 temple.

178 2696 190 2741 1
251 2681 464 2759 Haruspicum
478 2683 600 2743 monitu
618 2682 786 2744 reficienda
806 2690 855 2744 est
875 2683 955 2743 mihi
975 2685 1067 2746 aedes
1089 2683 1211 2746 Cereris

211 2786 244 2846 in
259 2787 394 2864 praediis
409 2786 442 2845 in
456 2787 568 2848 melius
584 2789 663 2849 etin
682 2789 792 2865 maius,
808 2795 899 2850 vetus
921 2809 995 2850 sane
1016 2796 1048 2851 et
1068 2795 1210 2866 angusta,

176 2904 191 2949 2
210 2909 280 2950 cum
306 2891 347 2950 sit
372 2892 490 2968 alioqui
512 2898 595 2952 stato
617 2893 668 2953 die
689 2894 953 2971 frequentissima.
994 2896 1079 2955 Nam
1100 2894 1210 2956 Idibus

210 2996 445 3072 Septembribus
460 3016 590 3074 magnus
605 3017 621 3057 e
637 2998 761 3075 regione
775 3005 843 3060 tota
856 2999 919 3059 coit
933 2999 1076 3078 populus,
1092 2999 1210 3059 multae

209 3119 258 3160 res
281 3107 425 3178 aguntur,
447 3103 548 3162 multa
569 3110 642 3163 ‘vota
663 3103 883 3182 suscipiuntur,
905 3104 1007 3164 multa
1026 3105 1209 3180 redduntur,
1229 3121 1259 3168 ao

210 3206 264 3265 sed
285 3207 407 3265 nullum
429 3207 462 3265 in
483 3207 625 3284 proximo
650 3209 820 3284 suffugium
841 3216 896 3269 aut
916 3208 1025 3270 imbris
1047 3217 1102 3270 aut
1124 3210 1207 3271 solis.

174 3309 325 3370 3Videor
353 3331 425 3387 ergo
457 3312 603 3372 munifice
638 3313 732 3373 simul
767 3313 972 3392 religioseque
1000 3315 1152 3390 facturus,
1181 3315 1209 3374 si

207 3416 315 3475 aedem
333 3435 425 3492 quam
445 3417 687 3493 pulcherrimam
702 3424 893 3494 exstruxero,
908 3418 1057 3479 addidero
1070 3419 1208 3498 porticus

208 3520 287 3594 aedi,
302 3520 390 3580 illam
405 3522 445 3581 ad
458 3541 548 3581 usum
565 3523 650 3598 deae,
665 3523 723 3583 has
738 3524 778 3583 ad
796 3523 966 3583 hominum.
1009 3523 1114 3584 Velim
1136 3542 1208 3599 ergo

207 3642 291 3684 emas
307 3631 453 3701 quattuor
474 3645 662 3688 marmoreas
683 3628 851 3703 columnas,
867 3628 955 3688 cuius
976 3628 1035 3687 tibi
1049 3627 1209 3688 videbitur
1228 3643 1256 3689 25

206 3729 338 3804 generis,
360 3748 445 3791 emas
473 3749 635 3807 marmora,
657 3732 770 3810 quibus
800 3732 909 3808 solum,
931 3732 1044 3811 quibus
1072 3733 1208 3810 parietes
