2782 4164
612 315 765 372 annm
875 362 877 365 .

547 594 622 657 roa
651 591 829 676 (nuxia)

363 762 395 815 C.
417 761 562 813 PLINIUS
583 761 752 813 TRAIANO
775 759 1016 814 IMPERATOBI.

265 919 448 971 Callidromus
458 921 483 970 tr
493 926 551 972 scat
562 927 590 971 to
601 922 648 972 tell
659 921 702 971 loir
712 921 871 972 morotum
883 926 910 971 to
921 920 965 972 lle
976 920 1117 984 Emperor.

229 1073 415 1153 Appuleius,
431 1075 565 1152 domine,
580 1075 681 1152 miles,
696 1075 751 1153 qui
772 1081 821 1137 est
841 1074 875 1135 in
896 1074 1032 1136 statione
1049 1074 1194 1135 Nicome-
1212 1060 1227 1139 i

189 1178 288 1254 densi,
305 1180 431 1258 scripsit
452 1180 531 1240 mihi
547 1181 703 1258 quendam
723 1181 849 1241 nominc
866 1179 1101 1256 Callidromum,
1121 1198 1193 1240 cum

189 1283 383 1344 detineretur
415 1304 434 1345 a
461 1285 601 1345 Maximo
631 1293 663 1346 et
691 1285 846 1365 Dionysio
873 1284 1053 1364 pistoribus,
1079 1284 1193 1362 quibus

189 1408 298 1467 operas
320 1409 392 1450 suas
416 1389 583 1466 locaverat,
600 1391 779 1467 confugisse
803 1390 844 1451 ad
864 1396 951 1451 tuam
969 1396 1106 1450 statuam
1127 1408 1194 1469 per-

154 1493 380 1571 eductumque
401 1496 440 1555 ad
462 1496 666 1572 magistratus
687 1496 842 1557 indicasse
864 1496 999 1557 servisse
1023 1495 1193 1572 aliquando

189 1599 321 1659 Laberio
345 1599 485 1660 Maximo
510 1606 698 1680 captumque
722 1620 742 1661 a
766 1601 885 1678 Susago
909 1601 943 1659 in
970 1599 1092 1660 Moesia
1118 1605 1151 1659 et
1174 1618 1194 1659 a

189 1703 343 1764 Decebelo
367 1705 489 1764 muneri
511 1705 643 1766 missum
670 1707 798 1782 Pacor0,
820 1705 970 1766 Parthiae
998 1704 1073 1782 regi,
1099 1694 1194 1783 p'luri7

188 1808 308 1885 busque
333 1810 423 1870 annis
448 1801 482 1869 in
506 1809 681 1871 ministerio
706 1810 773 1871 eius
797 1810 906 1886 fuisse,
932 1801 1045 1869 deinde
1072 1808 1193 1884 fugisse

189 1917 283 1990 atque
308 1913 355 1972 ita
377 1913 412 1972 In
439 1914 657 1974 Nicomediam
685 1914 873 1992 pervenisse.
917 1914 1016 1985 Quem
1044 1931 1101 1989 ego
1128 1925 1228 1991 per-a

96 2005 99 2013 ’
140 2032 169 2078 10
188 2017 317 2076 ductum
340 2018 379 2077 ad
401 2037 459 2092 me,
480 2036 552 2078 cum
573 2007 681 2078 eadem
701 2022 868 2093 narrasset,
890 2016 1079 2077 mittendum
1100 2016 1140 2075 ad
1161 2022 1193 2076 te

188 2122 312 2199 putavi,
339 2123 422 2199 quod
443 2122 537 2200 paulo
558 2123 680 2207 tardius
702 2122 773 2198 fecI,
789 2122 864 2181 dum
885 2121 1009 2198 requiro
1030 2139 1193 2196 gemmam,

188 2244 283 2305 quam
304 2226 365 2286 sibi
386 2227 553 2288 habentem
571 2227 739 2302 imaginem
756 2226 867 2286 Pacori
886 2224 1048 2303 atquibus
1065 2230 1193 2284 ornatus

188 2332 303 2392 fuisset
319 2332 510 2392 subtractam
526 2332 692 2392 indicabat.
735 2331 831 2410 Volui
852 2331 935 2391 enim
956 2331 1039 2391 hanc
1060 2348 1192 2408 quoque,
1213 2348 1229 2392 3

189 2436 217 2496 si
237 2436 374 2496 inveniri
391 2437 555 2515 potuisset,
572 2436 666 2497 simul
687 2436 822 2512 mittere,
840 2436 922 2496 sicut
942 2435 1099 2514 glebulam
1120 2433 1193 2495 misi

140 2559 167 2604 rs
188 2560 282 2620 quam
297 2560 331 2603 se
349 2560 390 2602 ex
408 2542 558 2602 Parthico
577 2541 706 2602 metallo
726 2541 871 2602 attulisse
889 2540 1019 2600 dicebat.
1064 2539 1194 2616 Signata

188 2650 238 2708 est
251 2647 345 2708 anulo
358 2666 437 2723 mee,
452 2647 540 2708 cuius
555 2651 604 2707 est
619 2645 877 2724 aposphragisma
891 2644 1051 2723 quadriga

515 2957 864 3040 ror.(nxxxvn1.)
979 2920 981 2926 ’

369 3129 399 3182 c.
421 3128 566 3180 rnrums
589 3106 756 3179 rnumso
779 3126 1020 3180 rmrnsouoan

500 3284 632 3347 Biaodoo
644 3285 883 3348 congratulatione.

229 3443 322 3523 opto,
357 3441 491 3514 domine,
520 3446 553 3501 et
579 3440 663 3500 hunc
690 3439 831 3500 natalem
861 3444 893 3499 et
928 3438 1079 3517 plurimos
1113 3437 1227 3499 aliosl

189 3568 284 3628 quam
305 3547 506 3608 felicissimos
527 3564 602 3620 agas
624 3550 812 3621 aeternaque
833 3544 926 3604 laude
950 3544 1112 3604 florentem
1133 3542 1194 3602 vir-

190 3655 269 3715 tutis
296 3659 369 3713 tuae
394 3651 524 3728 gloriam
552 3649 718 3710 incolumis
746 3655 779 3709 et
806 3649 900 3709 fortis
924 3648 995 3709 aliis
1017 3667 1110 3726 super
1130 3647 1194 3708 elia

140 3771 169 3817 ao
190 3757 336 3838 operibus
358 3775 478 3833 augeas.
