2782 4164
511 298 773 351 nrrsrvnanon
795 299 817 350 n
838 299 879 352 1³.
1172 291 1193 358 9

187 470 314 531 nuntiat
341 469 424 530 nihil
452 470 515 530 iam
543 489 582 531 ne
610 489 660 531 me
688 471 815 548 quidem
842 472 1088 551 inpetraturum:
1124 481 1191 535 tam

187 575 344 636 obstinate
365 575 464 652 magis
481 594 517 635 ao
536 575 636 652 magis
655 576 842 637 induruisse.
885 577 1018 638 Dixerat
1037 597 1112 639 sane
1130 598 1191 639 me·

187 680 257 740 dieo
271 680 450 741 admoventi
466 680 569 740 eibum
585 681 733 760 (κέκρικαβ
749 700 829 758 quae
847 701 906 742 vox
926 689 1078 760 quantum
1095 684 1191 744 admi-

186 785 317 848 rationis
331 786 366 844 in
380 786 484 846 animo
502 803 572 845 meo
590 791 714 846 tantum
733 785 882 847 desiderii
898 787 1035 864 reliquit.
1078 789 1190 868 Cogito

136 903 165 950 11
185 910 247 969 quo
268 892 377 966 amieo,
395 909 458 968 quo
478 890 546 950 viro
567 909 698 951 oeream.
751 890 903 970 Implevit
924 893 1051 971 quidem
1071 912 1188 955 annum
1208 911 1223 956 o

185 996 354 1075 septimum
382 1001 414 1056 et
442 996 679 1072 sexagesimum,
702 1015 782 1075 quae
806 1003 892 1058 aetas
917 997 1012 1058 etiam
1040 999 1188 1061 robustis

185 1102 274 1163 simis
299 1101 376 1162 satis
400 1101 577 1177 longeest:
604 1101 677 1161 soio.
730 1101 842 1161 Evasit
867 1107 1048 1181 perpetuam
1073 1104 1188 1164 valetu-

184 1207 307 1268 dinem:
343 1206 415 1267 soio.
470 1205 615 1266 Decessit
644 1206 865 1284 superstitibus
894 1208 968 1283 suis,
997 1207 1127 1269 florente
1154 1228 1187 1269 re

183 1312 318 1392 publica,
334 1330 413 1391 quae
434 1311 484 1371 illi
505 1311 649 1372 omnibus
671 1311 736 1372 suis
757 1311 857 1372 carior
878 1318 960 1373 erat:
983 1318 1015 1373 et
1033 1314 1091 1373 hoe
1112 1314 1185 1375 seio.

134 1426 164 1472 12
182 1420 302 1479 Tamen
320 1422 481 1495 tamquam
498 1422 531 1477 et
547 1416 671 1477 iuvenis
690 1424 724 1476 et
740 1416 913 1477 firmissimi
932 1424 1064 1478 mortem
1087 1418 1185 1494 doleo,
1207 1437 1237 1484 ro

182 1523 272 1583 doleo
299 1529 413 1598 autem,
439 1521 514 1582 lieet
540 1540 590 1581 me
617 1520 799 1582 inbecillum
828 1528 928 1600 putes,
953 1542 1023 1582 meo
1050 1524 1183 1584 nomine.

183 1628 286 1688 Amisi
311 1627 403 1702 enim,
428 1626 519 1687 amisi
543 1626 626 1686 vitae
650 1645 737 1687 meae
761 1633 875 1687 testem
900 1635 1051 1687 rectorem
1075 1629 1187 1704 magis·

181 1738 274 1793 trum.
316 1731 358 1791 In
378 1751 509 1807 summa,
531 1731 633 1792 dicam
655 1733 739 1809 quod
759 1733 877 1792 recenti
900 1733 1005 1792 dolore
1026 1734 1187 1794 contuber-

181 1837 248 1898 nali
268 1855 338 1898 meo
358 1837 496 1898 Calvisio
517 1836 593 1913 dixi,
615 1843 740 1896 ‘vereor
761 1855 800 1896 ne
821 1837 1038 1913 neglegentius
1059 1838 1184 1899 vivam!

132 1952 161 1999 13
181 1942 318 2002 Proinde
338 1941 453 2002 adhibe
474 1941 591 2002 solacia
614 1941 702 2016 mihi,
724 1961 787 2001 non
807 1942 884 2001 haee
906 1948 1018 2003 ‘senex
1043 1949 1119 2018 erat,
1142 1943 1186 2002 in·
1206 1962 1235 2008 15

181 2047 291 2108 firmus
318 2048 403 2108 erat'
433 2046 524 2126 (haee
556 2046 639 2106 enim
667 2047 765 2128 novi),
795 2046 850 2107 sed
878 2066 958 2106 nova
985 2047 1100 2125 aliqua,
1130 2050 1185 2109 sed

181 2171 302 2229 magna,
331 2171 411 2231 quae
442 2152 594 2213 audierim
629 2171 808 2228 numquam,
841 2151 969 2227 legerim
1003 2171 1183 2231 numquam.

180 2258 264 2318 Nam
279 2276 359 2336 quae
376 2257 493 2332 audivi,
509 2276 588 2336 quae
603 2256 674 2333 legi,
690 2262 801 2334 sponte
816 2263 1011 2334 sueourrunt,
1027 2258 1083 2317 sed
1096 2263 1185 2319 tanto

181 2362 287 2424 dolore
301 2368 496 2442 superantur.
539 2361 625 2423 Vale.

569 2545 621 2606 ,9.
647 2540 771 2624 (xm.)

340 2702 371 2756 o.
397 2661 541 2754 rnmros
564 2701 664 2753 sosio
688 2699 882 2752 snrvncroru
905 2700 972 2752 suo
995 2701 1022 2754 s.

410 2849 464 2900 The
476 2849 668 2913 unpopalaruy
680 2848 713 2911 os
720 2849 814 2911 publio
827 2848 962 2910 reodinqr.

146 3012 160 3059 1
221 2995 371 3074 Magnum
386 2999 572 3074 proventum
584 2999 746 3072 poetarum
762 3011 862 3055 annus
877 2992 930 3052 hio
944 2992 1061 3053 attulit.
1104 2994 1184 3054 Toto
1204 3011 1233 3057 ro

180 3119 287 3162 mense
301 3100 407 3180 Aprili
421 3098 528 3160 nullus
542 3099 610 3158 fere
627 3098 694 3158 dies
716 3117 778 3176 quo
800 3117 864 3157 non
888 3097 1035 3158 recitaret
1057 3098 1181 3176 aliquis,

180 3205 274 3266 Iuvat
287 3223 338 3266 me
356 3205 440 3284 quod
454 3203 562 3280 vigent
583 3203 696 3279 studia,
712 3203 878 3279 proferunt
892 3221 925 3263 se
940 3203 1067 3279 ingenia
1087 3202 1184 3262 homi-

180 3329 256 3371 num
283 3315 316 3371 et
343 3314 511 3384 ostentant,
532 3307 660 3368 tametsi
681 3308 721 3367 ad
749 3307 938 3367 audiendum
963 3308 1051 3386 pigre
1072 3308 1181 3367 coitur.

145 3431 161 3477 2
180 3415 328 3494 Plerique
342 3414 377 3474 in
391 3413 706 3476 stationibns'sedent
727 3419 913 3491 tempusque
934 3413 1082 3472 audiendi
1096 3412 1184 3473 fabu-

180 3519 221 3581 lis
235 3525 401 3580 oonterunt
415 3538 450 3580 ao
465 3519 598 3607 subinde
620 3517 681 3579 sibi
697 3517 839 3577 nuntiari
854 3516 963 3577 iubent
977 3537 1017 3578 an
1032 3518 1091 3577 iam
1109 3518 1182 3577 reoi-
1202 3536 1230 3581 av

180 3630 265 3685 tator
285 3625 462 3701 intraverit,
485 3601 533 3684 an·
548 3623 665 3683 dixerit
686 3623 924 3700 praefationem,
946 3641 987 3682 an
1008 3640 1047 3682 ex
1070 3640 1183 3698 magna

180 3735 270 3809 parte
296 3729 451 3792 evolverit
477 3729 611 3790 librum:
634 3734 711 3789 tuno
738 3728 873 3802 demum,
899 3745 934 3788 ao
959 3732 1034 3787 tuno
1059 3707 1203 3806 quoque¹
