2782 4164
194 305 259 373 108
620 320 650 372 c.
669 321 770 371 mnu

194 510 251 570 pro
262 509 353 552 amne
366 491 466 552 imber
477 492 628 553 adsiduus
639 499 672 552 et
681 491 811 552 deiectis
821 492 957 552 nubibus
968 491 1120 565 turbines,
1130 509 1199 568 pro

194 601 266 656 ruta
279 615 373 674 opera
386 595 500 674 quibus
515 597 652 675 pretiosa
666 615 739 657 rura
753 597 930 672 cinguntur,
942 601 1091 673 quassata
1103 600 1197 672 atque

195 700 290 762 etiam
302 702 433 762 decussa
443 700 643 763 monimenta.
682 701 780 761 Multi
791 701 944 762 eiusmodi
956 700 1079 761 casibus
1090 698 1199 760 debili·

194 807 264 883 tati,
286 807 399 882 obruti,
421 806 540 883 obtriti,
562 813 594 867 et
614 813 707 867 aucta
727 806 864 867 luctibus
886 806 1008 866 damna.
1050 806 1100 865 Ne
1121 805 1232 882 quido

160 927 175 973 t
195 912 299 972 simile
319 911 391 974 istic
412 932 468 990 pro
488 931 635 973 mensura
655 912 787 990 periculi
808 929 916 971 vereor
943 916 1037 989 teque
1060 929 1144 986 rogo,
1170 909 1198 971 si

194 1017 276 1077 nihil
290 1017 364 1093 tale,
379 1036 472 1095 quam
487 1017 699 1078 maturissime
713 1015 921 1077 sollicitudini
939 1033 1025 1076 meae
1044 1014 1196 1091 consulas,

195 1123 251 1183 sed
272 1128 304 1182 et
324 1123 353 1183 si
372 1123 446 1198 tale,
461 1123 494 1182 id
515 1141 638 1201 quoque
659 1121 794 1182 nunties.
836 1122 920 1182 Nam
941 1120 1070 1199 paulum
1090 1120 1198 1180 differt

194 1227 326 1305 patiaris
348 1228 481 1288 adversa
501 1247 542 1288 an
562 1233 741 1305 exspectes;
762 1227 826 1288 nisi
847 1227 931 1304 quod
952 1231 1058 1286 tamen
1079 1230 1127 1285 est
1148 1225 1199 1284 do

194 1331 282 1392 leudi
306 1333 425 1408 modus,
451 1338 585 1393 nonest
608 1332 751 1393 timendi.
794 1332 910 1392 Doleas
934 1331 1017 1391 enim
1045 1336 1198 1408 quantum

146 1449 175 1496 ιο
196 1436 275 1498 scias
290 1437 451 1513 accidisse,
466 1438 578 1498 timeas
593 1444 746 1515 quantum
759 1437 861 1516 possit
875 1436 1023 1498 accidere.
1065 1434 1152 1496 Vale.

604 1641 657 1704 eo.
686 1639 786 1722 (xx.)

453 1800 483 1851 C.
509 1798 653 1849 PLINIUS
678 1798 798 1850 GALLO
821 1798 889 1850 SUO
913 1799 939 1850 S.

390 1931 447 1984 Tte
458 1933 577 1996 fleotimo
589 1933 695 1983 islands
706 1935 739 1997 os
752 1933 825 1984 Lake
841 1931 1005 1983 Vadimonis.

234 2064 288 2124 Ad
302 2084 382 2142 quae
396 2064 553 2124 noscenda
569 2064 629 2124 iter
643 2064 775 2140 ingredi,
790 2063 1004 2124 transmittere
1022 2082 1107 2124 mare
1123 2063 1199 2125 sole
1218 2079 1232 2125 1

195 2189 273 2244 mus,
288 2188 325 2229 ea
339 2170 397 2230 sub
411 2168 510 2229 oculis
525 2169 629 2246 posita
647 2168 851 2245 neglegimus,
870 2187 924 2228 seu
938 2168 1013 2246 quia
1026 2168 1072 2229 ita
1085 2175 1199 2229 natura

194 2280 408 2353 comparatum
421 2280 457 2334 ut
468 2274 680 2351 proximorum
691 2273 841 2334 incuriosi
852 2273 1024 2351 longinqua
1035 2280 1196 2349 sectemur,

195 2397 250 2440 seu
271 2379 354 2457 quod
375 2379 513 2438 omnium
535 2397 640 2438 rerum
661 2378 774 2456 cupido
795 2378 979 2455 languescit,
1001 2397 1072 2438 cum
1092 2378 1197 2439 facilis

146 2492 174 2538 15
191 2466 323 2558 occasio,
339 2502 394 2544 seu
408 2483 492 2560 quod
507 2483 681 2543 differimus
703 2489 863 2560 tamquam
886 2501 977 2560 saepe
994 2482 1093 2542 visuri
1114 2483 1198 2560 quod

195 2588 288 2648 datur
314 2588 430 2664 videre,
460 2588 605 2665 quotiens
632 2588 711 2649 velis
743 2605 876 2647 cernere.
932 2588 1131 2665 Quacumque
1159 2587 1232 2649 dea

194 2712 296 2769 causa,
308 2694 464 2771 permulta
478 2694 511 2752 in
525 2694 602 2753 urbe
616 2698 724 2754 nostra
737 2693 888 2770 iuxtaque
903 2693 1011 2752 urbem
1025 2712 1088 2752 non
1099 2693 1198 2752 oculis

193 2800 286 2859 modo
307 2800 422 2860 sedne
444 2799 570 2858 auribus
592 2798 718 2875 quidem
739 2798 892 2872 novimus,
916 2816 995 2874 quae
1020 2797 1048 2857 si
1071 2797 1198 2857 tulisset

194 2905 324 2979 Achaia,
352 2905 525 2982 Aegyptos,
553 2902 633 2963 Asia
659 2902 761 2962 aliave
791 2901 950 2980 quaelibet
976 2901 1197 2962 miraculorum

144 3018 174 3064 20
193 3010 283 3069 ferax
310 3008 618 3085 commendatrixque
645 3013 737 3083 terre,
763 3007 872 3067 audita
898 3007 1036 3085 perlecta
1063 3006 1198 3067 lustrata

193 3114 386 3174 haberemus.
429 3113 503 3191 Ipse
525 3119 608 3172 certe
631 3131 732 3190 nuper
756 3113 840 3189 qnod
863 3131 920 3171 nec
942 3112 1101 3171 audieram
1124 3118 1197 3171 ante
1217 3122 1232 3168 3

193 3237 250 3279 nec
272 3218 411 3278 videram
433 3217 541 3277 audivi
565 3217 683 3295 pariter
704 3223 736 3277 et
757 3217 832 3276 vidi.
874 3218 1030 3292 Exegerat
1054 3235 1197 3294 prosocer

194 3342 280 3383 meus
294 3328 331 3382 ut
344 3321 495 3382 Amerina
509 3322 638 3399 praedia
659 3341 716 3382 sua
733 3321 927 3399 inspicerem.
970 3322 1059 3380 Haec
1080 3340 1198 3399 peram-

193 3428 317 3488 bulanti
337 3427 416 3486 mihi
437 3427 613 3487 ostenditur
633 3427 796 3488 subiacens
813 3427 899 3488 lacus
914 3427 1039 3486 nomine
1054 3427 1197 3488 Vadimo

143 3544 173 3590 25
192 3533 260 3594 nis:
284 3532 378 3593 simul
396 3534 548 3609 quaedam
567 3532 766 3592 incredibilia
784 3538 958 3592 narrantur.
1000 3531 1136 3591 Perveni
1156 3532 1197 3591 ad

193 3638 306 3716 ipsum.
349 3638 449 3697 Lacus
477 3643 526 3698 est
551 3638 584 3695 in
608 3636 848 3698 similitudinem
872 3637 1002 3697 iacentis
1027 3643 1113 3696 rotae
1142 3637 1231 3696 cir-4

193 3743 400 3821 cumscriptus
414 3748 447 3802 et
459 3743 599 3820 undique
613 3743 770 3819 aequalis:
793 3742 899 3803 nullus
915 3742 1011 3818 sinus,
1027 3741 1196 3820 obliquitas
