2782 4164
202 271 266 338 118
628 288 658 340 o.
681 288 781 338 rmrvr

202 455 365 517 lasciviam
393 463 425 518 et
452 457 547 518 solita
573 458 751 526 ministeria
784 459 945 537 repetisse.
1001 457 1208 521 Confluebant
1228 464 1255 510 1⁰

201 578 308 621 omnes
330 561 370 622 ad
391 563 606 640 spectaculum
626 564 839 640 magistratus,
861 583 993 641 quorum
1014 564 1153 624 adventu
1176 568 1208 623 et

201 685 289 726 mora
315 667 439 727 modica
457 687 508 729 res
529 668 656 746 publiea
682 669 772 730 novis
800 669 978 748 sumptibus
1005 669 1206 730 atterebatur.

201 771 364 833 Postremo
386 771 473 833 locus
501 773 569 851 ipsc
596 774 735 851 quietem
756 792 845 834 suam
865 781 1081 852 secretumque
1102 773 1209 852 perde-

167 885 182 932 ὅ
201 876 264 938 bat.
307 877 433 938 Placuit
460 879 581 938 occulte
603 877 739 940 interfici
761 878 801 938 ad
822 878 906 956 quod
927 879 1075 939 coibatur.
1117 879 1206 939 Haeo
1227 887 1254 932 11

202 987 238 1042 tu
257 1000 321 1059 qua
343 983 550 1059 miseratione,
566 1003 628 1061 qua
648 984 738 1061 copia
759 983 897 1059 deflebis,
913 983 1047 1058 ornabis,
1062 982 1206 1044 attolles!

201 1086 395 1164 Quamquam
414 1106 477 1147 non
496 1093 544 1148 est
563 1107 641 1167 opus
663 1087 805 1164 adtingas
825 1088 947 1166 aliquid
967 1093 1022 1148 aut
1042 1088 1207 1151 adstruas:

202 1189 318 1255 sufficit
331 1209 371 1252 ne
385 1211 423 1254 aa
437 1211 516 1271 quae
531 1199 606 1254 sunt
620 1212 695 1255 vera
708 1193 899 1254 minuantur.
941 1192 1029 1255 Vale.

571 1449 624 1510 aa.
654 1446 834 1526 (mcxvi.)

466 1616 497 1668 Ο.
519 1616 664 1668 PLINIUS
686 1616 800 1669 FUSCO
824 1615 892 1667 SUO
915 1616 942 1668 S.

368 1773 475 1835 Plioy’a
492 1787 606 1824 manner
623 1774 656 1834 os
669 1774 714 1836 lise
732 1778 761 1823 at
778 1773 820 1823 tis
841 1773 947 1824 Tuscae
963 1774 1038 1824 villa.

242 1928 371 2000 Quaeris
392 1928 653 2006 quemadmodum
673 1928 707 1986 in
727 1926 838 1988 Tuscis
859 1928 943 1988 diem
964 1933 1083 1988 aestate
1104 1928 1206 2006 dispo
1226 1939 1240 1984 1

154 2050 183 2096 10
202 2052 283 2094 nam.
326 2033 453 2110 Evigilo
480 2051 550 2092 eum
574 2032 677 2108 libuit,
703 2032 887 2110 plerumque
911 2033 993 2094 circa
1016 2033 1125 2094 horam
1146 2033 1207 2111 pri·

201 2157 295 2214 mam,
310 2156 402 2217 saepe
417 2143 498 2213 ante,
514 2137 635 2198 tardius
649 2155 735 2197 raro:
756 2137 880 2198 clausae
894 2139 1052 2200 fenestrae
1067 2143 1203 2198 manent.

201 2243 284 2304 Mire
306 2243 391 2303 enim
413 2242 539 2302 silentio
561 2247 594 2302 et
616 2242 752 2302 tenebris
775 2243 877 2303 abeis
899 2262 980 2321 quae
1002 2248 1135 2304 avocant
1156 2243 1205 2304 ab
1224 2252 1239 2298 2

202 2347 324 2423 ductus,
345 2353 378 2408 et
397 2347 477 2408 liber
497 2353 530 2406 et
549 2346 628 2405 mihi
649 2346 787 2422 relictus,
809 2366 872 2406 non
893 2348 999 2408 oculos
1021 2348 1125 2408 animo
1149 2347 1205 2409 sed

201 2452 342 2513 animum
356 2452 453 2511 oculis
469 2469 589 2528 sequor,
605 2451 659 2528 qui
674 2452 780 2512 eadem
797 2471 877 2528 quae
897 2471 985 2513 mens
999 2452 1117 2527 vident,
1133 2471 1206 2530 quo

152 2576 180 2622 15
200 2558 283 2619 tiens
305 2577 368 2617 non
383 2556 491 2616 vident
504 2556 575 2616 alia.
619 2556 737 2632 Cogito,
754 2557 781 2617 si
796 2557 873 2634 quid
886 2557 920 2616 in
935 2557 1087 2630 manibus,
1102 2557 1205 2635 cogito

201 2662 384 2724 adverbum
400 2660 549 2721 scribenti
564 2660 805 2737 emendantique
820 2661 943 2736 similis,
958 2655 1041 2721 minc
1059 2662 1205 2740 pauciora

201 2787 284 2828 mmo
294 2768 392 2845 plura,
402 2772 438 2825 ut
449 2765 499 2825 vel
511 2765 637 2825 difficile
648 2765 696 2825 vel
708 2765 802 2824 facile
814 2766 958 2843 componi
970 2766 1107 2826 tenerive
1117 2772 1205 2845 potu-

108 2901 110 2904 ·
201 2879 301 2933 erunt.
343 2869 511 2931 Notarium
527 2888 602 2928 voco
623 2876 655 2928 et
676 2869 727 2929 die
748 2869 885 2930 admisso
899 2889 978 2947 quae
995 2872 1203 2931 formaveram

200 2975 302 3035 dieto:
338 2974 403 3035 abit
433 2990 603 3049 rursusque
631 2975 794 3030 revocatur
822 2989 992 3047 rursusque
1020 2969 1201 3030 dimittitur.

126 3090 179 3136 '20
200 3080 265 3140 Ubi
287 3079 363 3138 hora
384 3084 495 3155 quarta
509 3077 560 3136 vel
582 3075 693 3152 quinta
709 3073 823 3152 (neque
840 3074 924 3134 enim
945 3081 1064 3133 eertum
1088 3075 1232 3134 dimenc

202 3201 333 3260 sumque
346 3184 496 3262 tempus),
512 3187 547 3241 ut
561 3180 628 3240 dies
644 3178 753 3254 suasit,
765 3178 799 3238 in
813 3185 942 3258 xystum
956 3197 1005 3238 me
1017 3178 1067 3238 vel
1082 3185 1205 3257 crypto

201 3288 355 3367 porticum
376 3286 512 3359 confero,
535 3283 656 3361 reliqua
674 3283 808 3343 meditor
829 3289 860 3343 et
882 3284 973 3344 dicto.
1016 3283 1204 3346 Vehiculum

201 3392 342 3454 ascende.
385 3389 436 3449 lbi
458 3407 581 3465 quoque
602 3387 686 3447 idem
708 3389 791 3464 quod
816 3389 977 3448 ambulans
1006 3393 1060 3448 aut
1088 3388 1201 3448 iacens.

201 3500 302 3558 Durat
319 3494 453 3555 intentio
468 3492 641 3552 mutatione
656 3493 725 3570 ipsa
739 3492 873 3552 refecta:
896 3491 1024 3570 paulum
1039 3493 1202 3569 redormiq

152 3621 180 3666 25
201 3603 274 3663 dein
288 3600 422 3674 ambulo,
434 3618 507 3658 mox
521 3598 692 3658 orationem
709 3599 860 3658 Graecam
874 3597 1059 3657 Latinamve
1074 3596 1156 3657 clare
1171 3602 1203 3658 et

200 3708 331 3781 intente,
346 3724 409 3764 non
426 3709 491 3764 tam
506 3702 590 3762 vocis
612 3720 705 3762 causa
726 3720 820 3779 quam
841 3701 994 3761 stomachi
1015 3700 1100 3777 lego:
1122 3702 1202 3780 pari-
