2782 4164
503 305 765 358 nmsrumnun
788 306 836 358 m.
857 307 899 357 aa.
944 327 948 333 -
1159 293 1200 360 65

197 478 328 559 quidem
347 498 433 540 meos
453 484 561 539 cantat
581 479 677 539 etiam
700 479 879 556 formatque
897 477 1027 554 cithara,
1043 497 1106 538 non
1130 477 1202 538 arti-

197 585 257 645 fice
272 585 378 662 aliquo
392 585 522 644 docente
537 585 593 645 sed
615 603 728 659 amore,
743 584 797 663 qui
812 584 962 659 magister
984 589 1033 644 est
1054 583 1199 661 optimus.

162 706 178 751 5
198 691 263 751 His
280 708 320 750 ex
336 690 439 751 causis
461 689 496 749 in
518 709 605 768 spem
628 689 837 750 certissimam
860 689 996 749 adducor
1018 695 1201 767 perpetuam

198 795 290 857 nobis
317 795 529 873 maioremque
556 795 591 854 in
625 795 692 855 dies
720 795 861 855 futuram
895 813 962 854 esse
996 795 1200 854 concordiam.

198 901 275 961 Non
300 899 385 960 enim
412 906 547 960 aetatem
576 919 677 959 meam
705 906 760 959 aut
787 918 908 977 corpus,
936 918 1015 977 quae
1050 899 1236 977 paulatimo

162 1005 348 1066 ooccidunt
371 1023 406 1065 ac
431 1013 606 1079 senescunt,
630 1005 685 1064 sed
712 1004 843 1081 gloriam
866 1004 980 1079 diligit.
1022 1004 1090 1063 Nec
1115 1004 1202 1064 aliud

199 1111 290 1172 decet
303 1112 367 1173 tuis
386 1111 530 1172 manibus
552 1111 724 1185 educatam,
739 1110 803 1170 tuis
825 1109 998 1186 praeceptis
1013 1109 1201 1184 institutam,

199 1236 281 1296 quae
295 1218 376 1277 nihil
391 1218 424 1277 in
439 1218 643 1278 contubernio
660 1223 715 1276 tuo
730 1215 846 1275 viderit
861 1215 923 1275 nisi
938 1221 1080 1275 sanctum
1095 1214 1203 1274 hones-

200 1327 340 1400 tumque,
364 1341 443 1400 quae
471 1323 606 1400 denique
634 1340 738 1382 amare
760 1339 809 1379 me
832 1338 871 1378 ex
894 1325 950 1379 tua
971 1319 1202 1398 praedicatione

164 1427 405 1488 tconsueverit.
461 1428 545 1487 Nam
579 1446 650 1487 cum
678 1432 810 1486 matrem
839 1443 939 1485 meam
967 1425 1107 1502 parentis
1135 1425 1250 1487 vicem

201 1532 363 1607 verereris,
384 1551 434 1592 me
455 1551 475 1592 a
494 1533 630 1611 pueritia
653 1531 762 1592 statim
782 1531 927 1604 formare,
949 1529 1076 1588 laudare
1097 1529 1204 1588 talem-

164 1641 180 1687 8
202 1654 264 1714 que
278 1637 381 1714 qualis
395 1656 478 1696 nuno
492 1637 581 1696 uxori
596 1655 683 1696 meae
695 1637 802 1695 videor
813 1635 945 1694 ominari
961 1634 1090 1695 solebas.
1134 1635 1203 1695 Cer-

201 1741 296 1801 tatim
310 1759 383 1818 ergo
396 1741 456 1802 tibi
477 1742 594 1817 gratias
609 1741 740 1817 agimus,
756 1759 813 1815 ego
835 1741 919 1816 quod
941 1739 1029 1798 illam
1045 1739 1131 1814 mihi,
1147 1738 1204 1798 illa

202 1847 287 1925 quod
300 1865 349 1906 me
364 1846 425 1907 sibi
440 1847 572 1922 dederis,
588 1846 679 1925 quasi
695 1845 826 1905 invicem
844 1844 981 1920 elegeris.
1024 1843 1112 1905 Vale.

591 2062 644 2123 52.
673 2060 810 2140 (xxii.)

355 2219 387 2272 e.
410 2219 555 2271 rnnuus
579 2219 787 2270 sunruouro
811 2205 915 2270 noro
933 2219 1000 2271 suo
1024 2218 1050 2269 s

366 2356 435 2407 How
447 2358 535 2419 boldly
547 2359 650 2408 Junius
661 2358 800 2408 Mauricas
811 2359 890 2420 mose
903 2359 945 2408 bia
957 2359 1038 2408 mind.

166 2490 180 2536 1
242 2487 382 2547 Interfui
403 2488 555 2566 principis
577 2488 689 2566 optimi
711 2489 890 2564 cognitioni,
911 2489 945 2548 in
967 2487 1132 2548 consilium
1153 2486 1204 2546 ad·
1224 2498 1252 2544 15

202 2598 355 2670 sumptus.
399 2593 572 2671 Gymnicus
587 2612 665 2669 agon
682 2594 766 2671 apud
780 2594 974 2653 Viennenses
989 2612 1028 2652 ex
1042 2591 1202 2652 cuiusdam

201 2700 391 2757 testamento
411 2698 634 2758 celebrabatur.
678 2699 772 2757 Hunc
794 2698 966 2758 Trebonius
988 2697 1132 2770 Rufinus,
1154 2693 1204 2753 vir

202 2801 345 2878 egregius
364 2802 515 2880 nobisque
533 2803 659 2878 amicus,
675 2803 708 2863 in
725 2804 928 2863 duumviratu
944 2802 1118 2862 tollendum
1136 2802 1205 2861 abo

202 2904 391 2985 lendumqne
416 2908 546 2967 curavit.
597 2909 779 2985 Negabatur
804 2929 844 2969 ex
867 2908 1054 2969 auctoritate
1079 2906 1205 2983 publica

165 3009 323 3072 2feoisse.
374 3012 450 3089 Egit
477 3013 545 3090 ipse
573 3032 698 3073 causam
726 3034 788 3073 non
816 3014 918 3073 minus
946 3011 1082 3071 feliciter
1111 3028 1203 3087 quarn
1223 3019 1252 3064 20

202 3114 326 3176 diserte.
380 3117 614 3178 Conmendabat
639 3118 792 3178 actionem
817 3118 899 3195 quod
924 3123 1084 3194 tamquam
1112 3115 1204 3174 homo

201 3219 362 3281 Romanus
377 3228 409 3281 et
422 3222 521 3282 bonus
535 3222 614 3282 civis
629 3223 663 3281 in
676 3223 801 3298 negotio
817 3241 872 3282 suo
887 3227 1007 3281 mature
1022 3227 1053 3280 et
1068 3220 1204 3297 graviter

165 3328 181 3374 3
202 3323 395 3402 loquebatur.
439 3327 517 3388 Cum
537 3328 710 3387 sententiae
730 3332 977 3404 perrogarentur‚
994 3325 1074 3385 dixit
1093 3324 1203 3383 Iunius

201 3429 371 3504 Mauricus,
394 3450 455 3508 quo
476 3431 544 3491 viro
565 3432 647 3491 nihil
668 3432 799 3507 firmius,
822 3432 903 3491 nihil
925 3431 1038 3503 verius,
1053 3449 1116 3489 non
1136 3447 1204 3488 esse

201 3536 431 3595 restituendum
446 3537 678 3597 Viennensibus
693 3557 808 3613 agona:
833 3535 947 3596 adiecit
963 3535 1091 3594 ‘vellem
1109 3534 1203 3593 etiam
1224 3549 1251 3593 25

164 3639 320 3700 *Romae
342 3640 413 3699 tolli
435 3643 561 3718 posset!
605 3643 828 3717 ‘Constantem'
850 3641 964 3719 inquis,
988 3645 1037 3698 ‘et
1057 3639 1203 3699 fortiter!

201 3744 346 3816 Quidni?
368 3745 423 3805 sed
436 3744 495 3805 hoc
509 3764 528 3805 a
542 3746 683 3806 Maurico
699 3766 814 3806 novum
834 3750 970 3806 nonest.
1014 3745 1103 3803 Idem
1119 3742 1203 3822 apud
