<?xml version="1.0" encoding="UTF-8"?>
<!DOCTYPE html PUBLIC "-//W3C//DTD XHTML 1.0 Transitional//EN"
    "http://www.w3.org/TR/xhtml1/DTD/xhtml1-transitional.dtd">
<html xmlns="http://www.w3.org/1999/xhtml" xml:lang="en" lang="en">
 <head>
  <title>
</title>
<meta http-equiv="Content-Type" content="text/html;charset=utf-8" />
  <meta name='ocr-system' content='tesseract 3.04.00' />
  <meta name='ocr-capabilities' content='ocr_page ocr_carea ocr_par ocr_line ocrx_word'/>
</head>
<body>
  <div class='ocr_page' id='page_1' title='image "./cplinisecundiep00plingoog_0170.png"; bbox 0 0 2782 4164; ppageno 0'>
   <div class='ocr_carea' id='block_1_1' title="bbox 365 425 1087 733">
    <p class='ocr_par' dir='ltr' id='par_1_1' title="bbox 365 425 1087 733">
     <span class='ocr_line' id='line_1_1' title="bbox 365 425 1087 568; baseline -0.006 0"><span class='ocrx_word' id='word_1_1' title='bbox 365 490 405 568; x_wconf 84' lang='lat'><strong>0.</strong></span> <span class='ocrx_word' id='word_1_2' title='bbox 445 425 583 567; x_wconf 60' lang='lat' dir='ltr'><strong>iLINI</strong></span> <span class='ocrx_word' id='word_1_3' title='bbox 626 489 827 567; x_wconf 78' lang='lat' dir='ltr'>CAECILI</span> <span class='ocrx_word' id='word_1_4' title='bbox 869 488 1087 565; x_wconf 81' lang='lat' dir='ltr'>SECUNDI</span> 
     </span>
     <span class='ocr_line' id='line_1_2' title="bbox 392 668 1066 733; baseline -0.004 -2"><span class='ocrx_word' id='word_1_5' title='bbox 392 670 454 731; x_wconf 81' lang='lat' dir='ltr'><strong>Ac</strong></span> <span class='ocrx_word' id='word_1_6' title='bbox 477 670 720 733; x_wconf 70' lang='lat' dir='ltr'><strong>reuisurum</strong></span> <span class='ocrx_word' id='word_1_7' title='bbox 741 668 1066 730; x_wconf 71' lang='lat' dir='ltr'><strong>ruruerrcssu</strong></span> 
     </span>
    </p>
   </div>
   <div class='ocr_carea' id='block_1_2' title="bbox 362 828 1027 1072">
    <p class='ocr_par' dir='ltr' id='par_1_2' title="bbox 362 828 1027 1072">
     <span class='ocr_line' id='line_1_3' title="bbox 362 828 1027 906; baseline 0 0"><span class='ocrx_word' id='word_1_8' title='bbox 362 833 364 836; x_wconf 64' lang='grc'>’</span> <span class='ocrx_word' id='word_1_9' title='bbox 427 831 643 906; x_wconf 82' lang='lat' dir='ltr'>TRAIANI</span> <span class='ocrx_word' id='word_1_10' title='bbox 684 828 1027 906; x_wconf 84' lang='lat' dir='ltr'>IMPERATORIS</span> 
     </span>
     <span class='ocr_line' id='line_1_4' title="bbox 607 978 892 1072; baseline -0.004 -1"><span class='ocrx_word' id='word_1_11' title='bbox 607 1010 669 1071; x_wconf 81' lang='lat' dir='ltr'><strong>Ac</strong></span> <span class='ocrx_word' id='word_1_12' title='bbox 694 978 892 1072; x_wconf 69' lang='lat' dir='ltr'><strong>refluum</strong></span> 
     </span>
    </p>
   </div>
   <div class='ocr_carea' id='block_1_3' title="bbox 504 1218 950 1304">
    <p class='ocr_par' dir='ltr' id='par_1_3' title="bbox 504 1218 950 1304">
     <span class='ocr_line' id='line_1_5' title="bbox 504 1218 950 1304; baseline 0.004 -2"><span class='ocrx_word' id='word_1_13' title='bbox 504 1218 950 1304; x_wconf 81' lang='lat' dir='ltr'>EPISTULARUM</span> 
     </span>
    </p>
   </div>
   <div class='ocr_carea' id='block_1_4' title="bbox 650 1410 839 1506">
    <p class='ocr_par' dir='ltr' id='par_1_4' title="bbox 650 1410 839 1506">
     <span class='ocr_line' id='line_1_6' title="bbox 650 1410 839 1506; baseline 0.011 -2"><span class='ocrx_word' id='word_1_14' title='bbox 650 1440 803 1506; x_wconf 76' lang='lat' dir='ltr'><strong>mese.</strong></span> <span class='ocrx_word' id='word_1_15' title='bbox 837 1410 839 1416; x_wconf 79' lang='grc'><strong>’</strong></span> 
     </span>
    </p>
   </div>
   <div class='ocr_carea' id='block_1_5' title="bbox 397 1649 1053 1862">
    <p class='ocr_par' dir='ltr' id='par_1_5' title="bbox 397 1649 1053 1862">
     <span class='ocr_line' id='line_1_7' title="bbox 505 1649 807 1740; baseline 0.01 -11"><span class='ocrx_word' id='word_1_16' title='bbox 505 1735 509 1740; x_wconf 71' lang='grc'><strong>,</strong></span> <span class='ocrx_word' id='word_1_17' title='bbox 647 1651 723 1715; x_wconf 71' lang='grc' dir='ltr'><strong>ιοι</strong></span> <span class='ocrx_word' id='word_1_18' title='bbox 752 1649 807 1732; x_wconf 68' lang='lat' dir='ltr'><strong>c)</strong></span> 
     </span>
     <span class='ocr_line' id='line_1_8' title="bbox 397 1809 1053 1862; baseline 0.002 -1"><span class='ocrx_word' id='word_1_19' title='bbox 397 1809 427 1861; x_wconf 84' lang='lat'><strong>0.</strong></span> <span class='ocrx_word' id='word_1_20' title='bbox 453 1810 600 1862; x_wconf 86' lang='lat' dir='ltr'>PLINIUS</span> <span class='ocrx_word' id='word_1_21' title='bbox 624 1809 790 1860; x_wconf 81' lang='lat' dir='ltr'><strong>TRAIANO</strong></span> <span class='ocrx_word' id='word_1_22' title='bbox 813 1809 1053 1862; x_wconf 75' lang='lat' dir='ltr'>IMPERATORI.</span> 
     </span>
    </p>
   </div>
   <div class='ocr_carea' id='block_1_6' title="bbox 328 1957 1130 2022">
    <p class='ocr_par' dir='ltr' id='par_1_6' title="bbox 328 1957 1130 2022">
     <span class='ocr_line' id='line_1_9' title="bbox 328 1957 1130 2022; baseline -0.001 -13"><span class='ocrx_word' id='word_1_23' title='bbox 328 1957 568 2022; x_wconf 72' lang='lat' dir='ltr'><strong>Gonyraculatr&#39;cns</strong></span> <span class='ocrx_word' id='word_1_24' title='bbox 585 1963 611 2008; x_wconf 80' lang='lat' dir='ltr'><strong>to</strong></span> <span class='ocrx_word' id='word_1_25' title='bbox 629 1957 672 2008; x_wconf 77' lang='lat' dir='ltr'><strong>the</strong></span> <span class='ocrx_word' id='word_1_26' title='bbox 689 1957 822 2021; x_wconf 76' lang='lat' dir='ltr'><strong><em>Emperor</em></strong></span> <span class='ocrx_word' id='word_1_27' title='bbox 838 1970 910 2020; x_wconf 77' lang='lat' dir='ltr'><strong>upon</strong></span> <span class='ocrx_word' id='word_1_28' title='bbox 927 1958 970 2008; x_wconf 77' lang='lat' dir='ltr'><strong>hir</strong></span> <span class='ocrx_word' id='word_1_29' title='bbox 987 1959 1130 2009; x_wconf 75' lang='lat' dir='ltr'><strong>accession.</strong></span> 
     </span>
    </p>
   </div>
   <div class='ocr_carea' id='block_1_7' title="bbox 191 2102 1275 2813">
    <p class='ocr_par' dir='ltr' id='par_1_7' title="bbox 192 2102 1229 2392">
     <span class='ocr_line' id='line_1_10' title="bbox 192 2102 1229 2181; baseline 0.003 -19"><span class='ocrx_word' id='word_1_30' title='bbox 192 2115 205 2162; x_wconf 94' lang='lat'>1</span> <span class='ocrx_word' id='word_1_31' title='bbox 266 2104 336 2162; x_wconf 85' lang='lat' dir='ltr'><strong>Tua</strong></span> <span class='ocrx_word' id='word_1_32' title='bbox 359 2102 486 2180; x_wconf 87' lang='lat' dir='ltr'><strong>quidem</strong></span> <span class='ocrx_word' id='word_1_33' title='bbox 510 2102 622 2181; x_wconf 74' lang='lat' dir='ltr'><strong>pietas,</strong></span> <span class='ocrx_word' id='word_1_34' title='bbox 644 2102 813 2180; x_wconf 82' lang='lat' dir='ltr'><strong>imperator</strong></span> <span class='ocrx_word' id='word_1_35' title='bbox 837 2103 1042 2179; x_wconf 74' lang='lat' dir='ltr'><strong>sanctissime,</strong></span> <span class='ocrx_word' id='word_1_36' title='bbox 1064 2108 1229 2181; x_wconf 74' lang='lat' dir='ltr'><strong>optaverat</strong></span> 
     </span>
     <span class='ocr_line' id='line_1_11' title="bbox 225 2207 1229 2286; baseline 0.001 -17"><span class='ocrx_word' id='word_1_37' title='bbox 225 2215 262 2269; x_wconf 85' lang='lat' dir='ltr'><strong>ut</strong></span> <span class='ocrx_word' id='word_1_38' title='bbox 276 2227 370 2285; x_wconf 77' lang='lat' dir='ltr'><strong>quum</strong></span> <span class='ocrx_word' id='word_1_39' title='bbox 384 2207 565 2268; x_wconf 76' lang='lat' dir='ltr'><strong>tardissime</strong></span> <span class='ocrx_word' id='word_1_40' title='bbox 579 2207 759 2268; x_wconf 76' lang='lat' dir='ltr'><strong>succederes</strong></span> <span class='ocrx_word' id='word_1_41' title='bbox 774 2207 858 2286; x_wconf 82' lang='lat' dir='ltr'><strong>patri</strong></span> <span class='ocrx_word' id='word_1_42' title='bbox 866 2230 874 2284; x_wconf 92' lang='lat'>;</span> <span class='ocrx_word' id='word_1_43' title='bbox 898 2207 952 2267; x_wconf 89' lang='lat' dir='ltr'><strong>sed</strong></span> <span class='ocrx_word' id='word_1_44' title='bbox 972 2208 1024 2268; x_wconf 89' lang='lat' dir='ltr'><strong>dei</strong></span> <span class='ocrx_word' id='word_1_45' title='bbox 1044 2207 1229 2270; x_wconf 74' lang='lat' dir='ltr'><strong>inmortales</strong></span> 
     </span>
     <span class='ocr_line' id='line_1_12' title="bbox 225 2312 1228 2392; baseline 0.001 -19"><span class='ocrx_word' id='word_1_46' title='bbox 225 2313 459 2374; x_wconf 82' lang='lat' dir='ltr'><strong>festinaverunt</strong></span> <span class='ocrx_word' id='word_1_47' title='bbox 479 2312 613 2372; x_wconf 79' lang='lat' dir='ltr'><strong>virtutes</strong></span> <span class='ocrx_word' id='word_1_48' title='bbox 634 2317 707 2372; x_wconf 75' lang='lat' dir='ltr'><strong>tuas</strong></span> <span class='ocrx_word' id='word_1_49' title='bbox 728 2313 768 2372; x_wconf 86' lang='lat' dir='ltr'><strong>ad</strong></span> <span class='ocrx_word' id='word_1_50' title='bbox 789 2313 999 2388; x_wconf 81' lang='lat' dir='ltr'><strong>gubernacula</strong></span> <span class='ocrx_word' id='word_1_51' title='bbox 1018 2313 1065 2373; x_wconf 86' lang='lat' dir='ltr'><strong>rei</strong></span> <span class='ocrx_word' id='word_1_52' title='bbox 1085 2313 1228 2392; x_wconf 81' lang='lat' dir='ltr'><strong>publicae</strong></span> 
     </span>
    </p>

    <p class='ocr_par' dir='ltr' id='par_1_8' title="bbox 191 2418 1275 2813">
     <span class='ocr_line' id='line_1_13' title="bbox 191 2418 1229 2498; baseline 0.004 -23"><span class='ocrx_word' id='word_1_53' title='bbox 191 2430 206 2475; x_wconf 83' lang='lat'>2</span> <span class='ocrx_word' id='word_1_54' title='bbox 226 2437 320 2496; x_wconf 82' lang='lat' dir='ltr'><strong>quem</strong></span> <span class='ocrx_word' id='word_1_55' title='bbox 335 2436 515 2495; x_wconf 86' lang='lat' dir='ltr'><strong>susceperas</strong></span> <span class='ocrx_word' id='word_1_56' title='bbox 537 2418 710 2477; x_wconf 85' lang='lat' dir='ltr'><strong>admovere.</strong></span> <span class='ocrx_word' id='word_1_57' title='bbox 753 2419 868 2493; x_wconf 82' lang='lat' dir='ltr'><strong>Precor</strong></span> <span class='ocrx_word' id='word_1_58' title='bbox 889 2437 962 2495; x_wconf 85' lang='lat' dir='ltr'><strong>ergo</strong></span> <span class='ocrx_word' id='word_1_59' title='bbox 981 2424 1020 2479; x_wconf 80' lang='lat' dir='ltr'><strong>ut</strong></span> <span class='ocrx_word' id='word_1_60' title='bbox 1039 2418 1099 2479; x_wconf 80' lang='lat' dir='ltr'><strong>tibi</strong></span> <span class='ocrx_word' id='word_1_61' title='bbox 1120 2424 1153 2479; x_wconf 82' lang='lat' dir='ltr'><strong>et</strong></span> <span class='ocrx_word' id='word_1_62' title='bbox 1172 2437 1229 2498; x_wconf 87' lang='lat' dir='ltr'><strong>per</strong></span> 
     </span>
     <span class='ocr_line' id='line_1_14' title="bbox 226 2522 1275 2602; baseline 0.005 -18"><span class='ocrx_word' id='word_1_63' title='bbox 226 2530 258 2585; x_wconf 81' lang='lat' dir='ltr'><strong>te</strong></span> <span class='ocrx_word' id='word_1_64' title='bbox 280 2522 386 2600; x_wconf 85' lang='lat' dir='ltr'><strong>generi</strong></span> <span class='ocrx_word' id='word_1_65' title='bbox 406 2522 542 2583; x_wconf 82' lang='lat' dir='ltr'><strong>humano</strong></span> <span class='ocrx_word' id='word_1_66' title='bbox 563 2541 712 2600; x_wconf 86' lang='lat' dir='ltr'><strong>prospera</strong></span> <span class='ocrx_word' id='word_1_67' title='bbox 733 2523 846 2598; x_wconf 82' lang='lat' dir='ltr'><strong>omnia,</strong></span> <span class='ocrx_word' id='word_1_68' title='bbox 865 2522 900 2583; x_wconf 89' lang='lat' dir='ltr'><strong>id</strong></span> <span class='ocrx_word' id='word_1_69' title='bbox 920 2530 968 2585; x_wconf 81' lang='lat' dir='ltr'><strong>est</strong></span> <span class='ocrx_word' id='word_1_70' title='bbox 988 2522 1085 2602; x_wconf 86' lang='lat' dir='ltr'><strong>digna</strong></span> <span class='ocrx_word' id='word_1_71' title='bbox 1104 2524 1229 2585; x_wconf 84' lang='lat' dir='ltr'><strong>saeculo</strong></span> <span class='ocrx_word' id='word_1_72' title='bbox 1247 2543 1275 2590; x_wconf 48' lang='lat'><strong>51</strong></span> 
     </span>
     <span class='ocr_line' id='line_1_15' title="bbox 226 2627 1227 2708; baseline 0.002 -20"><span class='ocrx_word' id='word_1_73' title='bbox 226 2635 282 2689; x_wconf 80' lang='lat' dir='ltr'><strong>tue</strong></span> <span class='ocrx_word' id='word_1_74' title='bbox 295 2627 487 2704; x_wconf 82' lang='lat' dir='ltr'><strong>contingant.</strong></span> <span class='ocrx_word' id='word_1_75' title='bbox 530 2629 656 2688; x_wconf 77' lang='lat' dir='ltr'><strong>Fortem</strong></span> <span class='ocrx_word' id='word_1_76' title='bbox 670 2633 703 2688; x_wconf 75' lang='lat' dir='ltr'><strong>te</strong></span> <span class='ocrx_word' id='word_1_77' title='bbox 717 2633 750 2689; x_wconf 82' lang='lat' dir='ltr'><strong>et</strong></span> <span class='ocrx_word' id='word_1_78' title='bbox 763 2628 905 2704; x_wconf 86' lang='lat' dir='ltr'><strong>hilarem,</strong></span> <span class='ocrx_word' id='word_1_79' title='bbox 916 2628 1086 2708; x_wconf 77' lang='lat' dir='ltr'><strong>imperator</strong></span> <span class='ocrx_word' id='word_1_80' title='bbox 1100 2629 1227 2707; x_wconf 76' lang='lat' dir='ltr'><strong>optime,</strong></span> 
     </span>
     <span class='ocr_line' id='line_1_16' title="bbox 226 2733 706 2813; baseline -0.004 -19"><span class='ocrx_word' id='word_1_81' title='bbox 226 2739 259 2794; x_wconf 76' lang='lat' dir='ltr'><strong>et</strong></span> <span class='ocrx_word' id='word_1_82' title='bbox 272 2733 421 2813; x_wconf 77' lang='lat' dir='ltr'><strong>privatim</strong></span> <span class='ocrx_word' id='word_1_83' title='bbox 435 2739 467 2798; x_wconf 76' lang='lat' dir='ltr'><strong>et</strong></span> <span class='ocrx_word' id='word_1_84' title='bbox 481 2733 605 2812; x_wconf 89' lang='lat' dir='ltr'><strong>publice</strong></span> <span class='ocrx_word' id='word_1_85' title='bbox 624 2738 706 2811; x_wconf 76' lang='lat' dir='ltr'><strong>epto.</strong></span> 
     </span>
    </p>
   </div>
   <div class='ocr_carea' id='block_1_8' title="bbox 346 2939 1108 3305">
    <p class='ocr_par' dir='ltr' id='par_1_9' title="bbox 346 2939 1108 3305">
     <span class='ocr_line' id='line_1_17' title="bbox 639 2939 814 3022; baseline -0.034 -17"><span class='ocrx_word' id='word_1_86' title='bbox 639 2941 714 3005; x_wconf 59' lang='grc' dir='ltr'><strong>ιον.</strong></span> <span class='ocrx_word' id='word_1_87' title='bbox 740 2939 814 3022; x_wconf 81' lang='grc' dir='ltr'>(Π.)</span> 
     </span>
     <span class='ocr_line' id='line_1_18' title="bbox 401 3097 1053 3154; baseline 0.006 -5"><span class='ocrx_word' id='word_1_88' title='bbox 401 3098 431 3150; x_wconf 85' lang='lat' dir='ltr'><strong>C.</strong></span> <span class='ocrx_word' id='word_1_89' title='bbox 456 3098 601 3150; x_wconf 83' lang='lat' dir='ltr'>PLINIUS</span> <span class='ocrx_word' id='word_1_90' title='bbox 624 3097 791 3151; x_wconf 67' lang='lat' dir='ltr'>TRAIANO</span> <span class='ocrx_word' id='word_1_91' title='bbox 814 3099 1053 3154; x_wconf 82' lang='lat' dir='ltr'><strong>IMPERATORI.</strong></span> 
     </span>
     <span class='ocr_line' id='line_1_19' title="bbox 346 3240 1108 3305; baseline 0.004 -13"><span class='ocrx_word' id='word_1_92' title='bbox 346 3240 457 3292; x_wconf 71' lang='lat' dir='ltr'><strong>mance</strong></span> <span class='ocrx_word' id='word_1_93' title='bbox 467 3241 517 3304; x_wconf 86' lang='lat' dir='ltr'><strong>sor</strong></span> <span class='ocrx_word' id='word_1_94' title='bbox 533 3241 575 3292; x_wconf 76' lang='lat' dir='ltr'><strong>the</strong></span> <span class='ocrx_word' id='word_1_95' title='bbox 592 3247 673 3305; x_wconf 67' lang='lat' dir='ltr'><strong>crant</strong></span> <span class='ocrx_word' id='word_1_96' title='bbox 689 3242 723 3305; x_wconf 84' lang='lat' dir='ltr'><strong>cs</strong></span> <span class='ocrx_word' id='word_1_97' title='bbox 735 3242 778 3293; x_wconf 75' lang='lat' dir='ltr'><strong>the</strong></span> <span class='ocrx_word' id='word_1_98' title='bbox 794 3241 837 3292; x_wconf 90' lang='lat' dir='ltr'><strong>ius</strong></span> <span class='ocrx_word' id='word_1_99' title='bbox 854 3241 936 3293; x_wconf 81' lang='lat' dir='ltr'><strong>trium</strong></span> <span class='ocrx_word' id='word_1_100' title='bbox 953 3243 1108 3295; x_wconf 87' lang='lat' dir='ltr'><strong>liberorum.</strong></span> 
     </span>
    </p>
   </div>
   <div class='ocr_carea' id='block_1_9' title="bbox 121 3371 1352 3856">
    <p class='ocr_par' dir='ltr' id='par_1_10' title="bbox 121 3371 1352 3856">
     <span class='ocr_line' id='line_1_20' title="bbox 121 3371 1229 3453; baseline 0.005 -21"><span class='ocrx_word' id='word_1_101' title='bbox 121 3399 124 3406; x_wconf 55' lang='lat'><strong><em>⁴</em></strong></span> <span class='ocrx_word' id='word_1_102' title='bbox 191 3386 205 3432; x_wconf 90' lang='lat'>1</span> <span class='ocrx_word' id='word_1_103' title='bbox 266 3372 459 3451; x_wconf 82' lang='lat' dir='ltr'><strong>Exprimere,</strong></span> <span class='ocrx_word' id='word_1_104' title='bbox 475 3371 609 3447; x_wconf 88' lang='lat' dir='ltr'><strong>domine,</strong></span> <span class='ocrx_word' id='word_1_105' title='bbox 624 3372 729 3433; x_wconf 88' lang='lat' dir='ltr'><strong>verbis</strong></span> <span class='ocrx_word' id='word_1_106' title='bbox 749 3392 813 3433; x_wconf 90' lang='lat' dir='ltr'><strong>non</strong></span> <span class='ocrx_word' id='word_1_107' title='bbox 833 3392 960 3452; x_wconf 88' lang='lat' dir='ltr'><strong>possum</strong></span> <span class='ocrx_word' id='word_1_108' title='bbox 975 3382 1129 3453; x_wconf 81' lang='lat' dir='ltr'><strong>quantum</strong></span> <span class='ocrx_word' id='word_1_109' title='bbox 1149 3376 1229 3437; x_wconf 90' lang='lat' dir='ltr'><strong>mihi</strong></span> 
     </span>
     <span class='ocr_line' id='line_1_21' title="bbox 226 3477 1230 3558; baseline 0.006 -20"><span class='ocrx_word' id='word_1_110' title='bbox 226 3478 375 3555; x_wconf 84' lang='lat' dir='ltr'><strong>gaudium</strong></span> <span class='ocrx_word' id='word_1_111' title='bbox 397 3477 552 3552; x_wconf 83' lang='lat' dir='ltr'><strong>attuleris,</strong></span> <span class='ocrx_word' id='word_1_112' title='bbox 573 3478 658 3553; x_wconf 90' lang='lat' dir='ltr'><strong>quod</strong></span> <span class='ocrx_word' id='word_1_113' title='bbox 681 3496 731 3537; x_wconf 91' lang='lat' dir='ltr'><strong>me</strong></span> <span class='ocrx_word' id='word_1_114' title='bbox 752 3478 882 3556; x_wconf 82' lang='lat' dir='ltr'><strong>dignum</strong></span> <span class='ocrx_word' id='word_1_115' title='bbox 902 3481 1024 3558; x_wconf 74' lang='lat' dir='ltr'><strong>putasti</strong></span> <span class='ocrx_word' id='word_1_116' title='bbox 1044 3481 1112 3543; x_wconf 91' lang='lat' dir='ltr'><strong>iure</strong></span> <span class='ocrx_word' id='word_1_117' title='bbox 1132 3482 1230 3544; x_wconf 81' lang='lat' dir='ltr'><strong>trium</strong></span> 
     </span>
     <span class='ocr_line' id='line_1_22' title="bbox 226 3581 1279 3664; baseline 0.006 -22"><span class='ocrx_word' id='word_1_118' title='bbox 226 3582 403 3643; x_wconf 88' lang='lat' dir='ltr'><strong>liberorum.</strong></span> <span class='ocrx_word' id='word_1_119' title='bbox 460 3581 610 3653; x_wconf 80' lang='lat' dir='ltr'><strong>Quamvis</strong></span> <span class='ocrx_word' id='word_1_120' title='bbox 642 3581 726 3641; x_wconf 88' lang='lat' dir='ltr'><strong>enim</strong></span> <span class='ocrx_word' id='word_1_121' title='bbox 754 3583 819 3642; x_wconf 87' lang='lat' dir='ltr'><strong>Iuli</strong></span> <span class='ocrx_word' id='word_1_122' title='bbox 847 3583 999 3661; x_wconf 81' lang='lat' dir='ltr'><strong>Serviani,</strong></span> <span class='ocrx_word' id='word_1_123' title='bbox 1027 3586 1141 3664; x_wconf 76' lang='lat' dir='ltr'><strong>optimi</strong></span> <span class='ocrx_word' id='word_1_124' title='bbox 1168 3587 1279 3648; x_wconf 82' lang='lat' dir='ltr'><strong>virile</strong></span> 
     </span>
     <span class='ocr_line' id='line_1_23' title="bbox 226 3685 1231 3767; baseline 0.005 -18"><span class='ocrx_word' id='word_1_125' title='bbox 226 3688 335 3767; x_wconf 80' lang='lat' dir='ltr'><strong>tuique</strong></span> <span class='ocrx_word' id='word_1_126' title='bbox 356 3685 573 3762; x_wconf 76' lang='lat' dir='ltr'><strong>amantissimi,</strong></span> <span class='ocrx_word' id='word_1_127' title='bbox 589 3687 734 3764; x_wconf 87' lang='lat' dir='ltr'><strong>precibus</strong></span> <span class='ocrx_word' id='word_1_128' title='bbox 754 3687 933 3767; x_wconf 87' lang='lat' dir='ltr'><strong>indulseris,</strong></span> <span class='ocrx_word' id='word_1_129' title='bbox 949 3697 1055 3753; x_wconf 81' lang='lat' dir='ltr'><strong>tamen</strong></span> <span class='ocrx_word' id='word_1_130' title='bbox 1075 3692 1170 3754; x_wconf 82' lang='lat' dir='ltr'><strong>etiem</strong></span> <span class='ocrx_word' id='word_1_131' title='bbox 1191 3711 1231 3754; x_wconf 84' lang='lat' dir='ltr'><strong>ex</strong></span> 
     </span>
     <span class='ocr_line' id='line_1_24' title="bbox 707 3786 1352 3856; baseline 0.003 -19"><span class='ocrx_word' id='word_1_132' title='bbox 707 3786 754 3837; x_wconf 77' lang='lat'><strong>121</strong></span> <span class='ocrx_word' id='word_1_133' title='bbox 1244 3800 1352 3856; x_wconf 68' lang='lat'><strong>-</strong></span> 
     </span>
    </p>
   </div>
   <div class='ocr_carea' id='block_1_10' title="bbox 0 0 1396 4164">
    <p class='ocr_par' dir='ltr' id='par_1_11' title="bbox 0 0 1396 4164">
     <span class='ocr_line' id='line_1_25' title="bbox 0 0 1396 4164; baseline 0 0"><span class='ocrx_word' id='word_1_134' title='bbox 0 0 1396 4164; x_wconf 95' lang='lat' dir='ltr'><strong> </strong></span> 
     </span>
    </p>
   </div>
  </div>
 </body>
</html>
