2782 4164
194 273 259 338 104
574 300 583 312 ·
619 284 768 335 1111111

193 457 363 534 mitigetur.
418 457 594 532 Praeterea,
617 456 644 516 si
668 456 761 515 datur
788 456 926 515 Homero
953 460 986 514 et
1013 453 1123 514 mollia
1146 472 1197 512 vo

194 562 305 623 cabula
323 568 356 622 et
374 563 492 623 Graeca
513 561 554 621 ad
573 561 737 621 levitatem
757 580 867 621 versus
886 560 1076 634 contrahere,
1092 564 1197 619 exten-

194 668 276 743 dere,
292 666 459 741 inflectere,
479 685 534 726 cur
548 666 607 726 tibi
625 665 739 726 similis
757 665 913 741 audentia,
929 665 1114 743 praesertim
1133 683 1197 723 non

195 772 329 832 delicata
344 772 399 832 sed
415 771 599 846 necessaria,
614 789 677 830 non
695 770 812 830 detur?
853 770 989 830 Proinde
1007 769 1074 829 iure
1087 776 1194 829 vatum
1217 778 1232 823 1

159 891 174 936 o
194 877 348 938 invocatis
369 877 427 951 dis,
449 882 482 937 et
502 877 585 936 inter
606 895 658 937 eos
680 877 749 954 ipso
770 876 858 936 cuius
879 894 929 935 res
950 893 1045 953 opera
1065 874 1197 935 consilia

195 983 335 1044 dicturus
355 1002 397 1058 es,
415 983 551 1042 immitte
570 982 728 1057 rudentes,
748 982 850 1060 pande
869 981 948 1057 vela,
967 999 1002 1041 ac
1023 981 1051 1040 si
1072 980 1197 1058 quando

195 1088 283 1163 alias,
304 1093 371 1148 toto
395 1087 521 1163 ingenio
541 1087 663 1146 vehere.
719 1087 781 1148 Cur
803 1086 887 1146 enim
909 1105 972 1145 non
994 1104 1051 1161 ego
1073 1103 1197 1163 quoque

194 1193 316 1272 poetice
343 1211 414 1252 cum
441 1195 559 1270 poeta?
600 1191 687 1251 Illud
711 1191 773 1251 iam
801 1210 884 1252 nunc
912 1191 1067 1268 paciscor:
1096 1191 1232 1268 primass

195 1317 337 1376 quaeque
357 1303 393 1357 ut
414 1296 593 1372 absolveris,
615 1296 744 1371 mittito,
766 1297 861 1356 immo
886 1295 981 1356 etiam
1006 1302 1079 1355 ante
1103 1314 1198 1372 quam

147 1415 176 1464 10
195 1404 347 1479 absolvas,
371 1403 452 1464 sicut
472 1408 564 1462 erunt
585 1402 723 1462 recentia
741 1407 773 1461 et
794 1401 886 1461 rudia
906 1407 938 1461 et
958 1401 1061 1461 adhuc
1082 1400 1199 1460 similia

195 1504 404 1569 nascentibus.
459 1507 677 1586 Respondebis
699 1527 762 1566 non
786 1525 877 1585 posse
905 1506 1036 1584 perinde
1064 1505 1197 1584 carptim
1218 1511 1233 1558 7

194 1619 231 1673 ut
252 1619 408 1689 contexta,
430 1613 561 1691 perinde
583 1612 730 1672 incohata
750 1612 873 1690 placere
895 1617 932 1671 ut
954 1612 1073 1671 effecta
1118 1610 1196 1672 Scio.

131 1766 133 1771 .
195 1720 308 1796 Itaque
333 1724 366 1778 et
390 1738 409 1779 a
432 1737 481 1777 me
502 1717 750 1778 aestimabuntur
771 1722 807 1776 ut
831 1722 950 1795 coepta,
973 1716 1199 1794 spectabuntur

195 1829 232 1883 ut
258 1824 398 1883 membra
424 1829 657 1899 extremamque
685 1822 794 1882 limam
820 1827 908 1881 tuam
936 1821 1137 1899 opperientur
1164 1821 1199 1879 in

147 1946 176 1992 11
196 1928 310 1988 scrinio
324 1934 438 1988 nostro.
480 1929 593 1987 Patere
608 1928 667 1987 hoc
684 1945 733 1986 me
753 1945 846 2005 super
863 1932 967 1986 cetera
985 1926 1099 1987 habere
1118 1944 1200 1986 amo

196 2033 239 2094 ris
256 2033 304 2093 tui
322 2033 436 2112 pignus
455 2038 544 2093 ntea
562 2050 684 2110 quoque
705 2031 805 2092 norim
827 2049 907 2109 quae
928 2048 1020 2091 nosse
1041 2030 1198 2090 neminem

196 2137 302 2198 velles.
356 2138 395 2196 In
418 2156 548 2213 summa,
571 2143 680 2214 potero
707 2137 842 2196 fortasse
870 2136 989 2214 scripta
1014 2141 1072 2195 tua
1098 2133 1198 2212 magis
1219 2142 1234 2188 ⁸

195 2242 327 2319 probare
361 2241 498 2317 laudare,
529 2247 646 2318 quanto
681 2241 738 2300 illa
764 2240 886 2301 tardius
920 2239 1114 2316 cautiusque,
1144 2239 1199 2299 sed

195 2346 300 2424 ipsum
312 2353 345 2407 te
359 2346 459 2422 magis
473 2346 582 2406 amabo
596 2345 758 2423 magisque
772 2344 915 2421 laudabo,
931 2349 1049 2422 quanto
1065 2343 1199 2404 celerius

146 2467 176 2514 1ο
196 2456 229 2513 et
241 2450 400 2512 incautius
416 2450 547 2511 miseris.
588 2450 676 2512 Vale.

602 2662 655 2724 11.
684 2659 787 2743 (vir.)

447 2820 477 2872 C.
501 2819 646 2870 PLINIUS
667 2818 801 2870 TACITO
825 2818 893 2870 SUO
916 2818 943 2871 S.

283 2954 392 3006 Tacitus
403 2955 453 3006 111
464 2960 523 3005 cent
534 2968 584 3004 111
597 2955 629 3017 of
637 2954 680 3004 tis
692 2953 774 3004 111111
788 2959 815 3004 to
828 2954 967 3016 Piinpsor
978 2954 1112 3004 triticiam.
1181 2970 1193 2994 v

235 3087 347 3165 Neque
362 3092 398 3147 ut
411 3085 562 3162 magistro
575 3086 725 3161 magister
740 3104 840 3162 neque
851 3091 887 3144 ut
898 3084 1055 3163 discipulo
1064 3075 1199 3163 discipu·
1219 3104 1232 3149 1

196 3191 246 3252 lus
262 3191 321 3270 (sic
338 3192 422 3252 enim
440 3191 575 3272 scribis),
591 3190 647 3250 sed
665 3196 701 3251 ut
720 3189 875 3268 discipulo
893 3191 1043 3265 magister
1060 3188 1145 3268 (nam
1162 3195 1199 3249 tu
1220 3224 1231 3233 -·

196 3297 354 3373 magister,
369 3315 426 3372 ego
439 3302 562 3372 contra3
585 3302 678 3372 atque
700 3296 776 3355 adeo
797 3303 834 3355 tu
854 3295 888 3354 in
905 3294 1044 3355 scholam
1061 3313 1197 3370 revocas,

197 3420 253 3477 ego
268 3401 370 3461 adhuc
385 3400 564 3461 Saturnalia
580 3401 728 3480 extendo)
745 3399 860 3459 librum
876 3399 1001 3460 misisti.
1044 3400 1131 3459 Num
1147 3419 1200 3477 po
1218 3417 1234 3462 2

147 3517 176 3564 26
196 3506 245 3566 tui
259 3505 383 3581 longius
398 3506 592 3584 hyperbaton
608 3506 710 3565 facere
725 3510 819 3581 atque
834 3504 891 3564 hoc
902 3504 971 3582 ipso
982 3505 1112 3583 probare
1127 3523 1198 3565 eum

197 3630 264 3672 esse
286 3629 335 3670 me
356 3611 410 3687 qui
429 3629 491 3670 non
512 3610 604 3669 modo
625 3610 774 3685 magister
794 3616 868 3670 tuus
890 3609 945 3669 sed
965 3628 1004 3668 ne
1026 3602 1198 3687 discipulus

197 3716 324 3795 quidem
339 3715 468 3778 debeam
483 3714 571 3775 diei?
613 3714 740 3775 Sumam
754 3721 860 3774 tamen
874 3733 1038 3792 personam
1055 3705 1199 3792 magistri
