2782 4164
218 289 261 354 12
650 301 680 353 c.
700 299 802 352 rnmr

217 474 266 533 Tu
280 474 416 534 fortasse
430 492 479 533 me
497 481 588 551 putes
610 472 780 535 indulsisse
795 475 893 535 amori
907 493 976 535 meo
991 494 1146 554 supraque
1161 475 1223 536 ista
1243 489 1272 535 10

217 596 311 656 quam
332 597 382 640 res
403 579 523 656 patitur
546 580 720 640 sustulisse.
763 579 808 640 At
829 599 886 657 ego
907 579 970 640 fide
991 599 1062 641 mea
1083 581 1239 659 spondeo

202 683 359 771 'futurum
374 690 411 744 ut
425 685 530 744 omnia
548 685 639 760 longe
662 685 816 762 ampliora
838 704 931 762 quam
946 703 965 746 a
979 704 1028 746 me
1042 685 1222 764 praedican-

216 793 268 848 tur
282 789 433 850 invenias.
476 789 584 866 Diligo
598 790 725 867 quidem
744 789 977 850 adulescentem
992 790 1220 867 ardentissime,

180 906 195 951 5
217 893 299 953 sieut
320 898 473 969 meretur,
497 895 553 954 sed
573 894 631 954 hoe
653 894 758 972 ipsum
777 894 913 955 amantis
931 900 989 971 est,
1009 913 1074 955 non
1091 914 1221 956 onerare

216 1016 287 1057 eum
301 997 456 1059 leudibus.
500 998 588 1060 Vale.

602 1304 682 1363 αι
711 1301 808 1383 (xv.)

375 1481 405 1533 O.
431 1481 576 1533 PLINIUS
599 1481 764 1532 SEPTICIO
788 1482 911 1534 CLARO
935 1480 1003 1533 SUO
1029 1482 1056 1534 S.

311 1647 443 1712 Septicius
453 1653 478 1698 is
490 1649 595 1699 scolded
600 1649 649 1712 sor
661 1649 791 1712 breaking]
802 1663 820 1699 a
831 1650 929 1700 dieser
940 1656 1120 1713 cnsapcment.

256 1824 345 1884 Heus
359 1828 396 1883 tu
410 1823 569 1900 promittis
581 1822 621 1882 ad
635 1840 744 1882 cenam
758 1840 816 1882 nee
830 1823 936 1883 venis!
958 1823 1084 1883 Dicitur
1098 1823 1163 1884 ius:
1179 1825 1219 1885 ad
1240 1841 1254 1886 1

215 1947 316 1989 assem
327 1928 511 2005 inpendium
523 1927 643 2002 reddes,
655 1946 712 1986 nee
727 1928 760 1986 id
774 1927 939 1987 modicum.
982 1927 1116 1988 Paratae
1129 1933 1220 1990 erant
1239 1945 1255 1991 2

215 2034 355 2095 lactucae
378 2032 528 2109 singulae,
554 2032 698 2092 cochleae
722 2038 838 2107 ternae,
862 2051 921 2092 ova
940 2033 1023 2107 bina,
1047 2033 1128 2093 aliea
1147 2052 1219 2094 eum

165 2150 196 2198 10
215 2139 316 2198 mulso
330 2145 363 2198 et
376 2139 450 2197 nive
468 2137 553 2217 (nam
575 2137 655 2197 hanc
670 2156 793 2214 quoque
808 2137 1012 2215 computabis,
1028 2137 1123 2197 immo
1138 2138 1220 2198 hanc

214 2244 248 2303 in
271 2243 391 2321 primis,
409 2261 489 2320 quae
512 2242 607 2320 periit
628 2242 663 2301 in
684 2241 830 2323 ferculo),
846 2242 955 2318 olivae,
971 2242 1099 2318 betacei,
1114 2261 1219 2303 cueur-

214 2349 307 2421 bitae‚
318 2348 416 2424 bulbi,
429 2348 491 2407 alia
505 2347 592 2407 mille
602 2366 665 2407 non
680 2347 784 2407 miuus
798 2347 893 2407 lauta.
936 2347 1089 2408 Audisses
1102 2359 1219 2410 comoe-

164 2478 167 2485 ’
214 2455 270 2514 dos
292 2453 343 2514 vel
363 2453 511 2513 lectorem
534 2453 583 2511 vel
609 2451 744 2531 lyristen
766 2452 826 2526 vel,
848 2471 928 2529 quae
949 2471 1018 2513 mea
1034 2452 1217 2529 liberalitas,

213 2577 328 2619 omnes.
372 2558 417 2623 At
433 2564 469 2619 tu
487 2559 571 2635 apud
589 2556 694 2617 nescio
711 2575 803 2633 quem
818 2564 930 2632 ostrea,
945 2557 1064 2633 vulvas,
1080 2558 1217 2635 echinos,
1237 2573 1254 2620 8

165 2669 194 2716 15
214 2664 389 2726 Gaditanas
404 2663 552 2723 maluisti.
596 2658 694 2722 Ditbis
709 2673 833 2739 poenae,
843 2680 906 2721 non
921 2661 991 2722 dico
1002 2681 1088 2740 quas.
1131 2664 1217 2724 Dure

213 2769 336 2830 fecisti:
358 2768 514 2843 invidisti,
530 2767 635 2828 neseio
649 2786 690 2827 an
704 2766 772 2843 tibi,
787 2772 871 2827 certe
892 2766 979 2843 mihi,
995 2768 1050 2827 sed
1064 2772 1171 2828 tamen
1185 2775 1218 2829 et

213 2875 280 2936 tibi.
324 2875 482 2946 Quantum
493 2892 550 2934 nos
565 2872 758 2946 lusissemus,
769 2871 957 2946 risissemus,
972 2872 1216 2934 studuissemus!

165 3006 168 3010 ⁸
212 2980 308 3040 Potes
331 2979 512 3058 apparatius
535 2996 644 3038 cenare
659 2977 744 3055 apud
764 2976 890 3050 multos,
905 2995 1060 3055 nusquam
1083 2969 1253 3041 lsilariuss

213 3083 389 3162 simplicius
403 3083 568 3143 incautius.
599 3082 797 3171 Qmma,
808 3080 964 3158 ¹experire,
977 3085 1009 3140 et
1023 3080 1084 3142 nisi
1108 3089 1218 3160 postea

163 3181 193 3248 no
212 3195 245 3249 te
259 3189 331 3249 aliis
346 3189 451 3268 potius
466 3186 673 3260 excusaveris,
688 3185 767 3245 mihi
780 3204 901 3263 semper
915 3204 1037 3246 excusa.
1080 3187 1167 3248 Vale.
