2782 4164
529 326 792 379 urrsruuaauu
814 329 849 379 x.
868 328 911 379 ss.
1154 313 1236 380 125·

560 589 635 655 roa
664 587 875 670 (axam.)

527 756 716 808 TRAIANUS
738 757 862 808 PLINIO
885 756 911 809 S.

592 911 721 978 Traica's
732 928 843 966 samer.

183 1086 196 1131 1
256 1067 402 1144 Agnosco
416 1074 490 1129 vota
503 1074 568 1145 tua,
583 1069 627 1129 mi
642 1068 783 1130 Secunde
802 1068 970 1145 carissime,
985 1068 1099 1146 quibus
1116 1087 1220 1148 preca·

216 1164 261 1234 ris
275 1179 312 1234 ut
326 1173 477 1252 plurimos
499 1180 531 1234 et
551 1173 753 1236 felicissimos
773 1173 895 1235 natales
916 1174 1046 1234 florente
1067 1179 1153 1235 statu
1173 1175 1219 1235 rei

217 1279 360 1357 publicae
374 1284 499 1341 nostrae
514 1297 613 1356 agam.

592 1532 667 1595 roe.
695 1529 838 1613 (xcvi.)

395 1701 425 1753 C.
449 1701 593 1752 PLINIUS
615 1701 782 1752 TRAIANO
805 1700 1044 1752 IMPERATORL

219 1860 302 1923 Pliny
320 1859 383 1911 acics
396 1861 446 1924 sor
468 1860 643 1911 instructions
660 1859 720 1910 bow
741 1865 769 1911 io
792 1865 861 1911 treci
883 1859 926 1911 ihc
953 1857 1106 1911 Oinoussa
1127 1860 1158 1910 ia
1177 1859 1221 1911 hir

649 1951 785 2013 province.

183 2085 198 2132 1
259 2076 415 2137 Sollemne
429 2081 478 2137 est
492 2075 581 2152 mihi,
595 2076 731 2152 domine,
745 2076 851 2137 omnia
865 2076 904 2137 de
920 2076 1035 2155 quibus
1054 2076 1163 2138 dubito
1179 2077 1221 2138 ad

217 2188 249 2242 te
273 2182 399 2242 referre.
441 2181 517 2253 Quis
541 2181 626 2241 enim
650 2185 755 2260 potest
778 2180 892 2242 melius
915 2180 968 2241 vel
988 2181 1255 2243 cunctationem

218 2306 320 2347 meam
333 2304 439 2362 regere
456 2286 507 2346 vel
528 2286 738 2362 ignorantiam
758 2285 941 2347 instruere?
981 2286 1221 2364 Cognitionibus

219 2392 258 2451 de
280 2390 471 2453 Christianis
492 2391 626 2452 interfui
650 2409 838 2468 numquam:
868 2390 1069 2452 ideo‘nescio
1088 2391 1167 2470 quid
1187 2399 1221 2455 et

183 2510 198 2555 a
219 2503 373 2573 quatenus
388 2503 442 2557 aut
456 2496 563 2575 puniri
584 2495 685 2557 soleat
705 2500 760 2556 aut
776 2495 893 2573 quaeri.
934 2496 1003 2557 Nec
1023 2496 1221 2558 mediocriter

217 2602 374 2663 haesitavi
395 2603 476 2662 sitne
498 2601 626 2679 aliquod
646 2600 816 2662 discrimen
833 2606 972 2662 aetatum
993 2620 1034 2662 an
1047 2602 1221 2681 quamlibet

217 2707 320 2767 teneri
334 2706 416 2766 nihil
436 2726 455 2767 a
472 2705 700 2767 robustioribus
721 2705 879 2782 differant,
894 2706 987 2767 detur
1007 2707 1220 2786 paenitentiae
1240 2719 1269 2766 10

218 2812 312 2872 venia
325 2831 366 2872 an
380 2812 409 2872 ei
424 2811 479 2889 qui
493 2812 620 2871 omnino
634 2811 833 2873 Christianus
846 2792 912 2872 fuit
931 2812 1050 2873 desisse
1069 2831 1133 2872 non
1153 2832 1221 2892 pro

161 2951 163 2955 ,
218 2917 270 2992 sit,
285 2935 398 2977 nomen
412 2917 527 2994 ipsum,
542 2916 570 2977 si
584 2915 714 2993 flagitiis
732 2921 844 2992 careat,
858 2935 900 2977 an
920 2916 1042 2994 flagitia
1057 2917 1221 2978 cohaeren-

217 3023 264 3082 tia
277 3022 397 3082 nomini
412 3022 592 3100 puniantur.
628 3021 761 3082 Interim
776 3021 810 3080 in
821 3021 867 3082 eis
878 3023 933 3100 qui
944 3022 985 3082 ad
998 3040 1048 3083 me
1058 3027 1217 3102 tamquam

182 3139 198 3183 e
218 3127 392 3189 Christiani
409 3126 632 3188 deferebantur
651 3126 736 3187 hunc
757 3145 827 3186 sum
847 3132 972 3187 secutus
992 3128 1127 3188 modum.
1169 3129 1220 3188 In-

217 3232 374 3309 terrogavi
388 3233 473 3310 ipsos
487 3251 528 3292 an
543 3238 648 3293 essent
668 3231 850 3294 Christiani
893 3231 1086 3294 Confitentes
1104 3233 1219 3293 iterum
1240 3242 1268 3288 le

218 3356 253 3398 ac
267 3337 363 3399 tertio
378 3337 578 3413 interrogavi,
594 3336 782 3415 supplicium
805 3337 959 3398 minatus:
981 3343 1219 3416 perseverantes

218 3442 291 3502 duci
311 3442 398 3502 iussi.
440 3442 552 3520 Neque
573 3442 659 3502 enim
678 3441 870 3518 dubitabam,
890 3441 1115 3521 qualecumque
1136 3449 1220 3505 esset

218 3547 301 3623 quod
321 3547 507 3622 faterentur,
522 3545 727 3625 pertinaciam
745 3552 829 3607 certe
850 3553 882 3606 et
902 3545 1105 3608 inflexibilem
1126 3548 1220 3608 obsti·

182 3668 198 3712 4
218 3652 377 3712 nationem
398 3651 510 3712 debere
530 3651 645 3730 puniri.
687 3652 829 3711 Fuerimt
850 3651 907 3712 alii
928 3651 1043 3712 similis
1064 3651 1218 3713 amentiae

218 3774 304 3834 quos,
320 3755 394 3834 quia
408 3755 493 3816 cives
510 3754 647 3817 Romani
666 3761 766 3832 erant,
780 3755 930 3817 adnotavi
944 3756 979 3816 in
992 3756 1101 3818 urbem
1114 3756 1218 3818 remit·
1238 3768 1266 3814 aa
