2782 4164
513 295 776 346 ammonianum
799 295 821 347 t
843 295 882 348 14.
1156 283 1198 348 11

198 468 342 530 iuvenem
363 488 402 529 ex
423 487 484 546 quo
506 466 592 529 nasci
614 472 744 546 nepotes
767 465 906 527 Aruleno
928 467 1060 528 Rustico
1081 468 1197 529 deceat.

162 582 179 626 3
198 573 258 644 Qui
273 574 397 652 quidem
414 573 470 633 diu
486 573 682 651 quaerendus
697 573 821 646 fuisset,
836 572 898 632 nisi
919 580 1048 650 paratus
1063 580 1095 633 et
1109 573 1200 651 quasi

198 682 341 755 provisus
362 684 445 738 esset
467 677 616 737 Minicius
639 677 813 752 Acilianus,
828 677 884 753 qui
899 696 948 736 me
963 684 999 736 ut
1012 678 1135 738 iuvenis
1156 678 1200 738 iu-

197 801 307 842 venem
330 784 393 863 (est
419 783 503 841 enim
531 783 633 842 minor
660 782 802 860 pauculis
823 783 929 863 annis)
952 782 1199 843 familiarissime

197 888 312 963 diligit,
327 894 486 948 reveretur
500 892 536 947 ut
551 906 665 947 senem.
707 888 791 946 Nam
808 885 855 946 ita
869 887 999 947 formari
1013 906 1033 946 a
1046 906 1095 946 me
1109 893 1142 947 et
1155 888 1200 946 in·
1219 900 1234 946 ὅ

162 1007 188 1051 4-
198 993 289 1053 stitui
302 994 390 1070 cupit
404 999 440 1052 ut
454 1011 510 1068 ego
525 1011 544 1052 a
557 992 645 1053 vobis
667 992 815 1052 solebam
857 991 966 1052 Patria
980 996 1029 1052 est
1043 992 1072 1051 ei
1089 992 1201 1052 Brixia

197 1117 236 1159 ex
263 1098 320 1158 illa
340 1104 448 1158 nostra
475 1097 580 1173 Italia,
603 1116 681 1176 quae
703 1097 837 1156 multum
862 1097 963 1157 adhuc
985 1097 1198 1172 verecundiae,

198 1203 392 1279 frugalitatis
413 1209 507 1280 atque
522 1202 617 1263 etiam
640 1202 827 1262 rusticitatis
850 1202 997 1279 antiquae
1026 1202 1143 1262 retinet
1163 1220 1200 1262 aa

162 1317 178 1364 t
198 1315 310 1369 servat.
353 1308 448 1368 Pater
463 1307 613 1368 Minicius
628 1307 799 1382 Macrinus,
815 1309 969 1386 equestris
984 1307 1103 1367 ordinis
1118 1307 1200 1385 prin-

197 1432 279 1491 ceps,
294 1413 369 1491 quia
390 1412 471 1472 nihil
494 1412 590 1473 altius
606 1412 723 1471 voluit:
746 1412 888 1472 adlectus
908 1412 991 1471 enim
1006 1431 1025 1472 a
1039 1412 1112 1471 divo
1126 1412 1200 1472 Vos
1219 1421 1247 1468 1⁰

197 1520 327 1597 pasiano
341 1518 424 1577 inter
440 1518 612 1595 praetorios
634 1517 798 1577 honestam
820 1517 957 1594 quietem
980 1516 1054 1576 huic
1075 1524 1199 1576 nostrae

197 1622 360 1682 ambitioni
389 1622 490 1683 dicam
517 1642 557 1682 an
586 1622 734 1698 dignitati
761 1621 1012 1682 constantissime
1040 1621 1198 1699 praetulit.

162 1741 178 1786 6
198 1727 304 1787 Habet
318 1727 422 1788 aviam
437 1734 610 1788 maternam
633 1728 796 1788 Serranam
818 1728 983 1787 Proculam
998 1746 1015 1786 e
1029 1726 1200 1804 municipio

198 1833 360 1892 Patavino.
402 1833 496 1893 Nosti
520 1832 580 1892 loci
603 1852 722 1892 mores:
754 1834 887 1893 Serrana
908 1839 1013 1891 tamen
1036 1831 1199 1892 Patavinis
1271 1831 1272 1836 ’

198 1955 320 2014 quoque
336 1937 514 1997 severitatis
529 1937 707 2014 exemplum
723 1945 779 1997 est.
823 1937 964 2012 Contigit
978 1942 1010 1995 et
1026 1935 1200 1996 avunculus
1220 1949 1248 1996 15

198 2041 228 2101 ei
247 2041 282 2101 P.
305 2040 438 2116 Acilius,
460 2044 615 2118 gravitate
643 2043 812 2121 prudentia
831 2042 893 2101 fide
917 2060 1012 2118 prope
1038 2040 1197 2116 singulari.

198 2146 238 2204 In
252 2165 382 2222 summa,
394 2146 475 2206 nihil
490 2148 550 2207 erit
564 2147 598 2206 in
613 2148 704 2207 domo
717 2154 784 2207 tota
795 2148 879 2224 quod
893 2165 955 2206 non
966 2146 1025 2206 tibi
1039 2152 1200 2223 tamquam

162 2266 177 2313 'l
198 2251 231 2309 in
245 2256 301 2311 tua
321 2252 451 2330 placeat.
494 2252 639 2312 Aciliano
659 2272 734 2312 vero
757 2253 818 2330 ipsi
840 2252 1011 2329 plurimum
1025 2251 1142 2327 vigoris
1156 2250 1201 2310 in·

198 2357 346 2432 dustriae,
359 2377 547 2436 quamquam
563 2358 596 2416 in
610 2358 747 2417 maxima
757 2357 951 2416 verecundia.
994 2355 1200 2426 Quaesturam

88 2514 92 2525 .
197 2461 392 2521 tribunatum
415 2469 593 2540 praeturam
618 2463 837 2523 honestissime
863 2462 1056 2540 percucurrit
1078 2480 1113 2521 ao
1136 2461 1200 2520 iam
1219 2471 1248 2518 aa

162 2578 177 2624 a
197 2584 253 2643 pro
264 2585 297 2626 se
311 2566 371 2626 tibi
386 2569 605 2628 necessitatem
620 2568 778 2628 ambiendi
793 2567 923 2627 remisit.
966 2568 1025 2626 Est
1039 2566 1088 2624 illi
1102 2566 1199 2625 facies

197 2670 346 2746 liberalis,
369 2672 470 2732 multo
492 2672 652 2749 sanguine,
677 2673 777 2732 multo
799 2673 909 2732 rubore
935 2672 1062 2745 suffusa,
1086 2677 1135 2730 est
1156 2671 1201 2730 in-

198 2793 300 2850 genua
320 2778 418 2837 totius
440 2779 577 2855 corporis
602 2778 802 2856 pulchritudo
824 2785 857 2837 et
877 2777 1005 2855 quidam
1026 2776 1199 2836 senatorius

198 2881 297 2940 decor.
340 2881 425 2952 Quae
440 2901 496 2958 ego
511 2902 707 2961 nequaquam
730 2883 863 2944 arbitror
877 2882 1084 2958 neglegenda:
1108 2881 1200 2941 debet

48 2976 51 2987 ¹
161 2985 281 3046 aenim
295 2987 355 3046 hoc
368 2987 508 3047 castitati
523 2989 698 3065 puellarum
716 2989 805 3065 quasi
826 2988 999 3066 praemium
1022 2985 1097 3046 dari.
1140 2987 1201 3044 Ne·
1220 2999 1249 3045 at

198 3091 262 3150 scio
276 3110 317 3150 an
330 3091 465 3152 adiciam
480 3111 548 3153 esse
565 3093 648 3170 patri
668 3093 734 3152 eius
756 3094 876 3171 amplas
898 3092 1073 3152 facultates.
1116 3091 1199 3149 Nam

197 3213 269 3255 cum
286 3196 441 3272 imaginor
455 3216 510 3257 vos
532 3198 645 3275 quibus
668 3198 847 3276 quaerimus
871 3215 1027 3272 generum,
1044 3195 1199 3256 silendum

198 3299 236 3359 de
258 3300 463 3362 facultatibus
486 3309 578 3379 puto:
602 3322 673 3362 cum
701 3303 842 3380 publicos
863 3321 963 3363 mores
986 3309 1080 3378 atque
1103 3301 1198 3359 etiam

197 3404 282 3481 leges
305 3405 446 3467 civitatis
468 3407 600 3481 intueor,
616 3427 695 3485 quae
711 3408 760 3467 vel
784 3408 818 3466 in
839 3407 950 3486 primis
972 3425 1083 3467 census
1104 3405 1200 3464 homi-

197 3528 273 3568 num
287 3513 473 3588 spectandos
487 3512 688 3587 arbitrantur,
701 3531 740 3571 ne
755 3513 787 3571 id
803 3513 928 3590 quidem
940 3511 1199 3589 praetereundum
1220 3529 1247 3574 ao

197 3614 330 3675 videtur.
373 3618 416 3677 Et
431 3636 504 3677 sane
519 3619 557 3677 de
572 3618 706 3695 posteris
718 3624 750 3677 et
763 3617 814 3677 his
829 3617 971 3696 pluribus
983 3615 1134 3691 cogitanti
1149 3613 1200 3673 hic

197 3738 321 3798 quoque
335 3720 368 3780 in
379 3721 613 3783 condicionibus
629 3722 804 3798 deligendis
817 3722 978 3800 ponendus
990 3727 1038 3780 est
1052 3718 1198 3780 calculus.
