2782 4164
511 277 771 330 EPISTULARUM
793 277 842 328 IV.
862 277 887 329 l.

493 821 636 886 LIBER
668 818 894 900 QUARTUS

632 1059 685 1120 42
714 1056 768 1138 (Ῑ·)

327 1216 361 1270 c.
384 1217 529 1270 Parmos
552 1216 699 1267 uAnAro
722 1214 934 1267 rnosocrno
957 1215 1024 1267 suo
1048 1215 1073 1266 s.

543 1364 570 1415 A
582 1367 646 1428 lonc
657 1365 777 1427 deserred
787 1365 856 1414 visit.

163 1518 178 1564 1
241 1509 338 1588 (lupis
359 1515 431 1588 post
451 1509 579 1586 longum
601 1515 725 1586 tempus
752 1513 877 1586 neptem
901 1514 988 1568 tuam
1009 1525 1120 1585 meque
1141 1526 1205 1567 una

200 1615 317 1675 videre.
361 1616 495 1676 Gratum
510 1621 559 1675 est
572 1614 699 1691 utrique
713 1619 855 1672 nostrum
870 1615 953 1690 quod
966 1612 1073 1690 cupis;
1095 1619 1204 1673 mutuo

163 1729 179 1774 2
200 1719 385 1779 mehercule.
434 1720 515 1779 Nam
539 1719 674 1778 invicem
695 1737 752 1778 nos
773 1717 951 1778 incredibili
972 1718 1106 1795 quodam
1127 1719 1206 1778 desi-

201 1824 288 1886 derio
306 1825 405 1885 vestri
426 1831 577 1899 tenemur,
593 1824 677 1901 quod
698 1842 760 1882 non
781 1823 865 1882 ultra
886 1823 1081 1899 differemus3
1110 1828 1204 1900 atque

200 1931 278 1991 adeo
299 1930 361 1990 iam
384 1929 555 1990 sarcinulas
577 1929 742 2005 alligamus
763 1928 957 2003 festinaturi,
979 1933 1132 2004 quantum
1156 1927 1239 1988 iti-s

165 2043 181 2088 3
201 2036 285 2096 neris
299 2036 379 2095 ratio
393 2034 579 2112 permiserit.
624 2033 696 2093 Erit
710 2051 773 2092 una
786 2033 842 2093 sed
855 2033 959 2093 brevis
973 2052 1075 2093 mora:
1098 2033 1206 2092 deflec-

201 2147 303 2202 temus
318 2141 352 2200 in
365 2142 492 2216 Tuscos,
507 2159 570 2199 non
588 2145 625 2198 ut
644 2158 733 2214 agros
755 2157 881 2215 remque
903 2138 1093 2198 familiarem
1106 2138 1204 2198 oculis

202 2245 391 2308 subiciamus
414 2245 461 2324 (id
482 2245 566 2305 enim
587 2244 733 2322 postponi
754 2246 883 2324 potest),
906 2244 961 2303 sed
981 2249 1017 2303 ut
1037 2244 1206 2319 fungamur

164 2359 181 2403 4
200 2350 377 2412 necessario
390 2349 498 2410 officio.
542 2349 701 2427 Oppidum
716 2355 764 2408 est
778 2349 915 2426 praediis
930 2348 1046 2409 nostris
1056 2348 1205 2423 vicinum,

202 2453 329 2535 (nomen
347 2453 472 2514 Tiferni
486 2451 650 2533 Tiberini)
667 2452 751 2529 quod
772 2470 822 2511 me
842 2471 941 2530 paene
956 2452 1058 2514 adhuc
1075 2472 1206 2530 puerum
1226 2466 1253 2513 1⁰

201 2565 368 2637 patronum
387 2557 557 2633 cooptavit,
574 2562 663 2616 tanto
684 2557 800 2617 maiore
822 2557 927 2617 studio
948 2563 1066 2634 quanto
1087 2559 1205 2618 minore

202 2663 325 2722 iudicio.
369 2662 534 2722 Adventus
550 2680 634 2720 meos
647 2661 792 2736 celebrat,
808 2662 1055 2739 profectionibus
1070 2663 1204 2739 angitur,

164 2777 180 2822 5
201 2766 372 2827 honoribus
386 2767 510 2843 gaudet.
554 2766 593 2824 In
608 2766 666 2825 hoc
681 2784 746 2841 eg0,
758 2771 795 2825 ut
808 2767 958 2826 referrem
974 2767 1107 2843 gratiam
1120 2768 1206 2847 (nam

201 2871 286 2932 vinci
307 2872 341 2931 in
362 2890 466 2932 amore
487 2871 706 2949 turpissimum
727 2873 798 2952 est),
814 2872 967 2949 templum
984 2873 1116 2949 pecunia
1136 2892 1206 2933 mea

201 2976 353 3052 exstruxi,
375 2976 464 3037 cuius
488 2969 726 3051 dedicationem,
748 2995 818 3036 cum
840 2976 883 3036 sit
903 2982 1056 3053 paratum,
1079 2977 1205 3036 differre
1226 2995 1254 3039 15

164 3081 326 3158 clongius
348 3080 564 3156 inreligiosum
592 3086 648 3140 est.
691 3080 818 3141 Erimus
840 3099 913 3155 ergo
934 3081 978 3140 ibi
999 3081 1206 3143 dedicationis

202 3187 263 3262 die,
286 3202 378 3264 quem
405 3186 498 3263 epulo
525 3185 680 3245 celebrare
708 3185 865 3245 constitui.
910 3185 1122 3246 Subsistemus
1146 3188 1207 3246 for·

201 3297 287 3352 tasse
308 3296 341 3351 et
362 3290 515 3368 sequenti,
532 3291 587 3350 sed
608 3297 697 3349 tanto
717 3290 816 3365 magis
837 3290 919 3349 viam
941 3291 1043 3367 ipsam
1063 3291 1207 3369 corripie-

165 3405 181 3452 7
202 3415 280 3457 mus.
324 3395 493 3471 Contingat
509 3396 600 3454 modo
614 3401 645 3454 te
660 3394 819 3473 filiamque
835 3401 921 3454 tuam
936 3397 1034 3456 fortes
1047 3395 1205 3456 invenire!

201 3520 276 3562 nam
306 3499 468 3576 continget
498 3500 624 3574 hilares,
657 3498 684 3560 si
714 3519 772 3559 nos
805 3498 977 3560 incolumes
1015 3501 1204 3578 receperitis.
1226 3519 1255 3566 ao
1317 3496 1320 3503 ’

201 3606 291 3667 Vale.
403 3692 406 3698 .
