<?xml version="1.0" encoding="UTF-8"?>
<!DOCTYPE html PUBLIC "-//W3C//DTD XHTML 1.0 Transitional//EN"
    "http://www.w3.org/TR/xhtml1/DTD/xhtml1-transitional.dtd">
<html xmlns="http://www.w3.org/1999/xhtml" xml:lang="en" lang="en">
 <head>
  <title>
</title>
<meta http-equiv="Content-Type" content="text/html;charset=utf-8" />
  <meta name='ocr-system' content='tesseract 3.04.00' />
  <meta name='ocr-capabilities' content='ocr_page ocr_carea ocr_par ocr_line ocrx_word'/>
</head>
<body>
  <div class='ocr_page' id='page_1' title='image "./cplinisecundiep00plingoog_0109.png"; bbox 0 0 2782 4164; ppageno 0'>
   <div class='ocr_carea' id='block_1_1' title="bbox 214 314 789 381">
    <p class='ocr_par' dir='ltr' id='par_1_1' title="bbox 214 314 789 381">
     <span class='ocr_line' id='line_1_1' title="bbox 214 314 789 381; baseline -0.007 0"><span class='ocrx_word' id='word_1_1' title='bbox 214 314 256 381; x_wconf 84' lang='lat'>60</span> <span class='ocrx_word' id='word_1_2' title='bbox 637 328 667 379; x_wconf 91' lang='lat' dir='ltr'>c.</span> <span class='ocrx_word' id='word_1_3' title='bbox 688 326 789 378; x_wconf 78' lang='lat' dir='ltr'>rann</span> 
     </span>
    </p>
   </div>
   <div class='ocr_carea' id='block_1_2' title="bbox 163 499 1251 2255">
    <p class='ocr_par' dir='ltr' id='par_1_2' title="bbox 212 499 1251 892">
     <span class='ocr_line' id='line_1_2' title="bbox 213 499 1215 576; baseline 0 -18"><span class='ocrx_word' id='word_1_4' title='bbox 213 518 273 576; x_wconf 89' lang='lat' dir='ltr'>que</span> <span class='ocrx_word' id='word_1_5' title='bbox 292 517 434 559; x_wconf 90' lang='lat' dir='ltr'>reversus</span> <span class='ocrx_word' id='word_1_6' title='bbox 457 500 630 575; x_wconf 84' lang='lat' dir='ltr'>Caesarem,</span> <span class='ocrx_word' id='word_1_7' title='bbox 646 499 759 558; x_wconf 90' lang='lat' dir='ltr'>deinde</span> <span class='ocrx_word' id='word_1_8' title='bbox 782 501 914 561; x_wconf 84' lang='lat' dir='ltr'>Caesare</span> <span class='ocrx_word' id='word_1_9' title='bbox 930 505 1054 559; x_wconf 87' lang='lat' dir='ltr'>auctore</span> <span class='ocrx_word' id='word_1_10' title='bbox 1069 506 1215 560; x_wconf 90' lang='lat' dir='ltr'>senatum</span> 
     </span>
     <span class='ocr_line' id='line_1_3' title="bbox 212 603 1215 683; baseline 0.002 -21"><span class='ocrx_word' id='word_1_11' title='bbox 212 604 371 663; x_wconf 87' lang='lat' dir='ltr'>consuluit</span> <span class='ocrx_word' id='word_1_12' title='bbox 393 604 470 680; x_wconf 91' lang='lat' dir='ltr'>quid</span> <span class='ocrx_word' id='word_1_13' title='bbox 492 603 561 663; x_wconf 90' lang='lat' dir='ltr'>fieri</span> <span class='ocrx_word' id='word_1_14' title='bbox 582 605 620 663; x_wconf 92' lang='lat' dir='ltr'>de</span> <span class='ocrx_word' id='word_1_15' title='bbox 643 604 756 664; x_wconf 91' lang='lat' dir='ltr'>salario</span> <span class='ocrx_word' id='word_1_16' title='bbox 778 604 885 664; x_wconf 79' lang='lat' dir='ltr'>‚vellet</span> <span class='ocrx_word' id='word_1_17' title='bbox 935 605 1040 664; x_wconf 86' lang='lat' dir='ltr'>Parva</span> <span class='ocrx_word' id='word_1_18' title='bbox 1062 604 1215 683; x_wconf 89' lang='lat' dir='ltr'>quaesti0,</span> 
     </span>
     <span class='ocr_line' id='line_1_4' title="bbox 213 708 1216 786; baseline -0.001 -18"><span class='ocrx_word' id='word_1_19' title='bbox 213 709 268 769; x_wconf 93' lang='lat' dir='ltr'>sed</span> <span class='ocrx_word' id='word_1_20' title='bbox 298 715 404 768; x_wconf 87' lang='lat' dir='ltr'>tamen</span> <span class='ocrx_word' id='word_1_21' title='bbox 435 708 584 786; x_wconf 89' lang='lat' dir='ltr'>quaestio.</span> <span class='ocrx_word' id='word_1_22' title='bbox 641 710 785 770; x_wconf 83' lang='lat' dir='ltr'>Heredes</span> <span class='ocrx_word' id='word_1_23' title='bbox 816 709 935 770; x_wconf 87' lang='lat' dir='ltr'>scribae</span> <span class='ocrx_word' id='word_1_24' title='bbox 963 710 1032 784; x_wconf 89' lang='lat' dir='ltr'>sibi,</span> <span class='ocrx_word' id='word_1_25' title='bbox 1061 709 1216 786; x_wconf 85' lang='lat' dir='ltr'>praefecti</span> 
     </span>
     <span class='ocr_line' id='line_1_5' title="bbox 212 814 1251 892; baseline -0.004 -18"><span class='ocrx_word' id='word_1_26' title='bbox 212 814 324 874; x_wconf 91' lang='lat' dir='ltr'>aerarii</span> <span class='ocrx_word' id='word_1_27' title='bbox 345 814 460 892; x_wconf 90' lang='lat' dir='ltr'>populo</span> <span class='ocrx_word' id='word_1_28' title='bbox 475 814 685 874; x_wconf 83' lang='lat' dir='ltr'>vindicabant.</span> <span class='ocrx_word' id='word_1_29' title='bbox 728 816 810 874; x_wconf 85' lang='lat' dir='ltr'>Acta</span> <span class='ocrx_word' id='word_1_30' title='bbox 829 834 923 875; x_wconf 88' lang='lat' dir='ltr'>causa</span> <span class='ocrx_word' id='word_1_31' title='bbox 942 819 1006 874; x_wconf 89' lang='lat' dir='ltr'>est:</span> <span class='ocrx_word' id='word_1_32' title='bbox 1029 814 1112 873; x_wconf 83' lang='lat' dir='ltr'><strong>dixit</strong></span> <span class='ocrx_word' id='word_1_33' title='bbox 1131 814 1217 874; x_wconf 82' lang='lat' dir='ltr'>here</span> <span class='ocrx_word' id='word_1_34' title='bbox 1236 823 1251 868; x_wconf 83' lang='lat'>4</span> 
     </span>
    </p>

    <p class='ocr_par' dir='ltr' id='par_1_3' title="bbox 176 920 1250 1418">
     <span class='ocr_line' id='line_1_6' title="bbox 176 920 1213 998; baseline 0 -20"><span class='ocrx_word' id='word_1_35' title='bbox 176 920 286 978; x_wconf 74' lang='lat' dir='ltr'>ndum</span> <span class='ocrx_word' id='word_1_36' title='bbox 321 920 499 994; x_wconf 84' lang='lat' dir='ltr'>advocatus,</span> <span class='ocrx_word' id='word_1_37' title='bbox 530 920 644 979; x_wconf 90' lang='lat' dir='ltr'>deinde</span> <span class='ocrx_word' id='word_1_38' title='bbox 679 920 797 998; x_wconf 86' lang='lat' dir='ltr'>populi,</span> <span class='ocrx_word' id='word_1_39' title='bbox 826 925 959 996; x_wconf 88' lang='lat' dir='ltr'>uterque</span> <span class='ocrx_word' id='word_1_40' title='bbox 989 920 1213 997; x_wconf 89' lang='lat' dir='ltr'>percommode.</span> 
     </span>
     <span class='ocr_line' id='line_1_7' title="bbox 212 1023 1215 1100; baseline -0.002 -15"><span class='ocrx_word' id='word_1_41' title='bbox 212 1024 366 1085; x_wconf 80' lang='lat' dir='ltr'>Caecilius</span> <span class='ocrx_word' id='word_1_42' title='bbox 403 1023 513 1084; x_wconf 88' lang='lat' dir='ltr'>Strabo</span> <span class='ocrx_word' id='word_1_43' title='bbox 541 1025 661 1084; x_wconf 87' lang='lat' dir='ltr'>aerario</span> <span class='ocrx_word' id='word_1_44' title='bbox 689 1025 812 1085; x_wconf 87' lang='lat' dir='ltr'>censuit</span> <span class='ocrx_word' id='word_1_45' title='bbox 840 1025 1049 1100; x_wconf 88' lang='lat' dir='ltr'>inferendum,</span> <span class='ocrx_word' id='word_1_46' title='bbox 1078 1024 1215 1084; x_wconf 89' lang='lat' dir='ltr'>Baebius</span> 
     </span>
     <span class='ocr_line' id='line_1_8' title="bbox 211 1129 1250 1191; baseline 0 -2"><span class='ocrx_word' id='word_1_47' title='bbox 211 1131 317 1189; x_wconf 89' lang='lat' dir='ltr'>Macer</span> <span class='ocrx_word' id='word_1_48' title='bbox 345 1130 512 1190; x_wconf 88' lang='lat' dir='ltr'>heredibus</span> <span class='ocrx_word' id='word_1_49' title='bbox 540 1130 696 1189; x_wconf 87' lang='lat' dir='ltr'>dandum:</span> <span class='ocrx_word' id='word_1_50' title='bbox 726 1130 864 1190; x_wconf 82' lang='lat' dir='ltr'>obtinuit</span> <span class='ocrx_word' id='word_1_51' title='bbox 888 1131 1007 1191; x_wconf 73' lang='lat' dir='ltr'>Strabo,</span> <span class='ocrx_word' id='word_1_52' title='bbox 1050 1130 1099 1188; x_wconf 84' lang='lat' dir='ltr'>Tu</span> <span class='ocrx_word' id='word_1_53' title='bbox 1121 1129 1250 1189; x_wconf 71' lang='lat' dir='ltr'>laudat</span> 
     </span>
     <span class='ocr_line' id='line_1_9' title="bbox 211 1233 1216 1311; baseline -0.002 -17"><span class='ocrx_word' id='word_1_54' title='bbox 211 1233 440 1310; x_wconf 89' lang='lat' dir='ltr'>Marcellinum,</span> <span class='ocrx_word' id='word_1_55' title='bbox 455 1240 491 1293; x_wconf 86' lang='lat' dir='ltr'>ut</span> <span class='ocrx_word' id='word_1_56' title='bbox 508 1252 565 1311; x_wconf 86' lang='lat' dir='ltr'>ego</span> <span class='ocrx_word' id='word_1_57' title='bbox 581 1234 689 1294; x_wconf 87' lang='lat' dir='ltr'>statim</span> <span class='ocrx_word' id='word_1_58' title='bbox 703 1235 773 1294; x_wconf 86' lang='lat' dir='ltr'>feci.</span> <span class='ocrx_word' id='word_1_59' title='bbox 818 1234 965 1306; x_wconf 82' lang='lat' dir='ltr'>Quamvis</span> <span class='ocrx_word' id='word_1_60' title='bbox 987 1234 1071 1293; x_wconf 91' lang='lat' dir='ltr'>enim</span> <span class='ocrx_word' id='word_1_61' title='bbox 1092 1234 1216 1294; x_wconf 88' lang='lat' dir='ltr'>abunde</span> 
     </span>
     <span class='ocr_line' id='line_1_10' title="bbox 212 1339 1215 1418; baseline -0.001 -19"><span class='ocrx_word' id='word_1_62' title='bbox 212 1339 345 1400; x_wconf 87' lang='lat' dir='ltr'>sufficiat</span> <span class='ocrx_word' id='word_1_63' title='bbox 359 1339 410 1398; x_wconf 88' lang='lat' dir='ltr'>illi</span> <span class='ocrx_word' id='word_1_64' title='bbox 431 1341 515 1418; x_wconf 93' lang='lat' dir='ltr'>quod</span> <span class='ocrx_word' id='word_1_65' title='bbox 536 1345 585 1400; x_wconf 89' lang='lat' dir='ltr'>est</span> <span class='ocrx_word' id='word_1_66' title='bbox 603 1346 635 1400; x_wconf 93' lang='lat' dir='ltr'>et</span> <span class='ocrx_word' id='word_1_67' title='bbox 653 1340 826 1418; x_wconf 88' lang='lat' dir='ltr'>aprincipe</span> <span class='ocrx_word' id='word_1_68' title='bbox 842 1346 875 1399; x_wconf 88' lang='lat' dir='ltr'>et</span> <span class='ocrx_word' id='word_1_69' title='bbox 889 1359 908 1399; x_wconf 87' lang='lat' dir='ltr'>a</span> <span class='ocrx_word' id='word_1_70' title='bbox 922 1345 1032 1400; x_wconf 90' lang='lat' dir='ltr'>senatu</span> <span class='ocrx_word' id='word_1_71' title='bbox 1054 1340 1215 1416; x_wconf 87' lang='lat' dir='ltr'>probatus,</span> 
     </span>
    </p>

    <p class='ocr_par' dir='ltr' id='par_1_4' title="bbox 163 1444 1251 1941">
     <span class='ocr_line' id='line_1_11' title="bbox 163 1444 1251 1521; baseline -0.001 -17"><span class='ocrx_word' id='word_1_72' title='bbox 163 1459 192 1504; x_wconf 90' lang='lat'>10</span> <span class='ocrx_word' id='word_1_73' title='bbox 211 1445 360 1520; x_wconf 86' lang='lat' dir='ltr'>gaudebit</span> <span class='ocrx_word' id='word_1_74' title='bbox 380 1450 486 1504; x_wconf 90' lang='lat' dir='ltr'>tamen</span> <span class='ocrx_word' id='word_1_75' title='bbox 507 1445 689 1506; x_wconf 87' lang='lat' dir='ltr'>testimonio</span> <span class='ocrx_word' id='word_1_76' title='bbox 704 1452 767 1504; x_wconf 87' lang='lat' dir='ltr'>tuo.</span> <span class='ocrx_word' id='word_1_77' title='bbox 812 1444 927 1504; x_wconf 90' lang='lat' dir='ltr'>Omnes</span> <span class='ocrx_word' id='word_1_78' title='bbox 943 1444 1026 1503; x_wconf 90' lang='lat' dir='ltr'>enim</span> <span class='ocrx_word' id='word_1_79' title='bbox 1040 1444 1095 1521; x_wconf 91' lang='lat' dir='ltr'>qui</span> <span class='ocrx_word' id='word_1_80' title='bbox 1116 1444 1217 1519; x_wconf 86' lang='lat' dir='ltr'>gloria</span> <span class='ocrx_word' id='word_1_81' title='bbox 1236 1451 1251 1496; x_wconf 84' lang='grc'>6</span> 
     </span>
     <span class='ocr_line' id='line_1_12' title="bbox 210 1548 1217 1628; baseline -0.001 -19"><span class='ocrx_word' id='word_1_82' title='bbox 210 1550 358 1628; x_wconf 87' lang='lat' dir='ltr'>famaque</span> <span class='ocrx_word' id='word_1_83' title='bbox 379 1550 536 1610; x_wconf 87' lang='lat' dir='ltr'>ducuntur</span> <span class='ocrx_word' id='word_1_84' title='bbox 549 1550 665 1609; x_wconf 89' lang='lat' dir='ltr'>mirum</span> <span class='ocrx_word' id='word_1_85' title='bbox 686 1549 720 1608; x_wconf 92' lang='lat' dir='ltr'>in</span> <span class='ocrx_word' id='word_1_86' title='bbox 742 1550 869 1609; x_wconf 93' lang='lat' dir='ltr'>modum</span> <span class='ocrx_word' id='word_1_87' title='bbox 890 1549 1036 1609; x_wconf 88' lang='lat' dir='ltr'>adsensio</span> <span class='ocrx_word' id='word_1_88' title='bbox 1057 1554 1090 1608; x_wconf 90' lang='lat' dir='ltr'>et</span> <span class='ocrx_word' id='word_1_89' title='bbox 1114 1548 1183 1609; x_wconf 87' lang='lat' dir='ltr'>laus</span> <span class='ocrx_word' id='word_1_90' title='bbox 1197 1567 1217 1608; x_wconf 95' lang='lat' dir='ltr'>a</span> 
     </span>
     <span class='ocr_line' id='line_1_13' title="bbox 211 1652 1215 1732; baseline 0 -19"><span class='ocrx_word' id='word_1_91' title='bbox 211 1655 383 1715; x_wconf 89' lang='lat' dir='ltr'>minoribus</span> <span class='ocrx_word' id='word_1_92' title='bbox 397 1656 494 1715; x_wconf 89' lang='lat' dir='ltr'>etiam</span> <span class='ocrx_word' id='word_1_93' title='bbox 510 1655 654 1732; x_wconf 85' lang='lat' dir='ltr'>profecta</span> <span class='ocrx_word' id='word_1_94' title='bbox 669 1654 813 1714; x_wconf 88' lang='lat' dir='ltr'>delectat.</span> <span class='ocrx_word' id='word_1_95' title='bbox 856 1655 900 1713; x_wconf 84' lang='grc' dir='ltr'>Τθ</span> <span class='ocrx_word' id='word_1_96' title='bbox 915 1672 989 1712; x_wconf 90' lang='lat' dir='ltr'>vero</span> <span class='ocrx_word' id='word_1_97' title='bbox 1010 1652 1215 1713; x_wconf 83' lang='lat' dir='ltr'>Marcellinus</span> 
     </span>
     <span class='ocr_line' id='line_1_14' title="bbox 210 1758 1251 1836; baseline -0.008 -17"><span class='ocrx_word' id='word_1_98' title='bbox 210 1760 258 1819; x_wconf 87' lang='lat' dir='ltr'>ita</span> <span class='ocrx_word' id='word_1_99' title='bbox 270 1765 430 1819; x_wconf 86' lang='lat' dir='ltr'>reveretur</span> <span class='ocrx_word' id='word_1_100' title='bbox 446 1764 483 1818; x_wconf 91' lang='lat' dir='ltr'>ut</span> <span class='ocrx_word' id='word_1_101' title='bbox 504 1759 622 1818; x_wconf 87' lang='lat' dir='ltr'>iudicio</span> <span class='ocrx_word' id='word_1_102' title='bbox 642 1765 697 1818; x_wconf 88' lang='lat' dir='ltr'>tuo</span> <span class='ocrx_word' id='word_1_103' title='bbox 718 1758 888 1836; x_wconf 92' lang='lat' dir='ltr'>plurimum</span> <span class='ocrx_word' id='word_1_104' title='bbox 911 1758 1039 1818; x_wconf 88' lang='lat' dir='ltr'>tribuat.</span> <span class='ocrx_word' id='word_1_105' title='bbox 1082 1758 1216 1817; x_wconf 89' lang='lat' dir='ltr'>Accedit</span> <span class='ocrx_word' id='word_1_106' title='bbox 1236 1765 1251 1811; x_wconf 78' lang='grc'><strong>7</strong></span> 
     </span>
     <span class='ocr_line' id='line_1_15' title="bbox 211 1863 1216 1941; baseline -0.003 -17"><span class='ocrx_word' id='word_1_107' title='bbox 211 1865 262 1925; x_wconf 90' lang='lat' dir='ltr'>his</span> <span class='ocrx_word' id='word_1_108' title='bbox 284 1865 377 1941; x_wconf 88' lang='lat' dir='ltr'>quod,</span> <span class='ocrx_word' id='word_1_109' title='bbox 399 1864 427 1924; x_wconf 90' lang='lat' dir='ltr'>si</span> <span class='ocrx_word' id='word_1_110' title='bbox 449 1863 632 1940; x_wconf 86' lang='lat' dir='ltr'>cognoverit</span> <span class='ocrx_word' id='word_1_111' title='bbox 646 1864 766 1923; x_wconf 83' lang='lat' dir='ltr'>factum</span> <span class='ocrx_word' id='word_1_112' title='bbox 794 1882 884 1924; x_wconf 89' lang='lat' dir='ltr'>suum</span> <span class='ocrx_word' id='word_1_113' title='bbox 914 1863 976 1923; x_wconf 87' lang='lat' dir='ltr'>isto</span> <span class='ocrx_word' id='word_1_114' title='bbox 997 1881 1097 1940; x_wconf 91' lang='lat' dir='ltr'>usque</span> <span class='ocrx_word' id='word_1_115' title='bbox 1125 1881 1216 1940; x_wconf 90' lang='lat' dir='ltr'>pene-</span> 
     </span>
    </p>

    <p class='ocr_par' dir='ltr' id='par_1_5' title="bbox 163 1968 1217 2255">
     <span class='ocr_line' id='line_1_16' title="bbox 163 1968 1217 2045; baseline -0.005 -13"><span class='ocrx_word' id='word_1_116' title='bbox 163 1985 192 2032; x_wconf 83' lang='lat'>15</span> <span class='ocrx_word' id='word_1_117' title='bbox 211 1975 320 2044; x_wconf 86' lang='lat' dir='ltr'>trasse,</span> <span class='ocrx_word' id='word_1_118' title='bbox 338 1987 464 2028; x_wconf 89' lang='lat' dir='ltr'>necesse</span> <span class='ocrx_word' id='word_1_119' title='bbox 488 1973 537 2029; x_wconf 89' lang='lat' dir='ltr'>est</span> <span class='ocrx_word' id='word_1_120' title='bbox 559 1968 663 2029; x_wconf 91' lang='lat' dir='ltr'>laudis</span> <span class='ocrx_word' id='word_1_121' title='bbox 688 1987 761 2028; x_wconf 90' lang='lat' dir='ltr'>suae</span> <span class='ocrx_word' id='word_1_122' title='bbox 787 1968 890 2045; x_wconf 86' lang='lat' dir='ltr'>spatio</span> <span class='ocrx_word' id='word_1_123' title='bbox 911 1973 943 2026; x_wconf 88' lang='lat' dir='ltr'>et</span> <span class='ocrx_word' id='word_1_124' title='bbox 964 1986 1056 2026; x_wconf 91' lang='lat' dir='ltr'>cursu</span> <span class='ocrx_word' id='word_1_125' title='bbox 1078 1974 1109 2026; x_wconf 87' lang='lat' dir='ltr'>et</span> <span class='ocrx_word' id='word_1_126' title='bbox 1132 1985 1217 2044; x_wconf 89' lang='lat' dir='ltr'>pere-</span> 
     </span>
     <span class='ocr_line' id='line_1_17' title="bbox 212 2072 1216 2150; baseline 0 -18"><span class='ocrx_word' id='word_1_127' title='bbox 212 2074 387 2150; x_wconf 85' lang='lat' dir='ltr'>grinatione</span> <span class='ocrx_word' id='word_1_128' title='bbox 401 2073 546 2133; x_wconf 87' lang='lat' dir='ltr'>laetetur.</span> <span class='ocrx_word' id='word_1_129' title='bbox 589 2073 726 2147; x_wconf 87' lang='lat' dir='ltr'>Etenim,</span> <span class='ocrx_word' id='word_1_130' title='bbox 738 2072 844 2132; x_wconf 88' lang='lat' dir='ltr'>nescio</span> <span class='ocrx_word' id='word_1_131' title='bbox 858 2091 920 2149; x_wconf 93' lang='lat' dir='ltr'>quo</span> <span class='ocrx_word' id='word_1_132' title='bbox 934 2077 1034 2149; x_wconf 89' lang='lat' dir='ltr'>pacto,</span> <span class='ocrx_word' id='word_1_133' title='bbox 1049 2072 1100 2131; x_wconf 87' lang='lat' dir='ltr'>vel</span> <span class='ocrx_word' id='word_1_134' title='bbox 1116 2072 1216 2148; x_wconf 85' lang='lat' dir='ltr'>magis</span> 
     </span>
     <span class='ocr_line' id='line_1_18' title="bbox 210 2176 1027 2255; baseline -0.004 -17"><span class='ocrx_word' id='word_1_135' title='bbox 210 2177 353 2238; x_wconf 90' lang='lat' dir='ltr'>homines</span> <span class='ocrx_word' id='word_1_136' title='bbox 368 2178 458 2238; x_wconf 86' lang='lat' dir='ltr'>iuvat</span> <span class='ocrx_word' id='word_1_137' title='bbox 472 2178 572 2254; x_wconf 87' lang='lat' dir='ltr'>gloria</span> <span class='ocrx_word' id='word_1_138' title='bbox 584 2177 651 2238; x_wconf 86' lang='lat' dir='ltr'>lata</span> <span class='ocrx_word' id='word_1_139' title='bbox 666 2197 761 2255; x_wconf 89' lang='lat' dir='ltr'>quam</span> <span class='ocrx_word' id='word_1_140' title='bbox 774 2195 896 2253; x_wconf 83' lang='lat' dir='ltr'>magna.</span> <span class='ocrx_word' id='word_1_141' title='bbox 939 2176 1027 2238; x_wconf 87' lang='lat' dir='ltr'>Vale.</span> 
     </span>
    </p>
   </div>
   <div class='ocr_carea' id='block_1_3' title="bbox 459 2387 959 2599">
    <p class='ocr_par' dir='ltr' id='par_1_6' title="bbox 459 2387 959 2599">
     <span class='ocr_line' id='line_1_19' title="bbox 611 2387 819 2469; baseline -0.038 -17"><span class='ocrx_word' id='word_1_142' title='bbox 611 2390 665 2452; x_wconf 70' lang='lat' dir='ltr'>aa</span> <span class='ocrx_word' id='word_1_143' title='bbox 694 2387 819 2469; x_wconf 83' lang='lat' dir='ltr'>(xm.)</span> 
     </span>
     <span class='ocr_line' id='line_1_20' title="bbox 459 2543 959 2599; baseline -0.012 0"><span class='ocrx_word' id='word_1_144' title='bbox 459 2548 489 2599; x_wconf 83' lang='lat' dir='ltr'>C.</span> <span class='ocrx_word' id='word_1_145' title='bbox 515 2545 660 2597; x_wconf 87' lang='lat' dir='ltr'>PLINIUS</span> <span class='ocrx_word' id='word_1_146' title='bbox 682 2543 817 2594; x_wconf 85' lang='lat' dir='ltr'>TACITO</span> <span class='ocrx_word' id='word_1_147' title='bbox 841 2543 909 2594; x_wconf 88' lang='lat' dir='ltr'>SUO</span> <span class='ocrx_word' id='word_1_148' title='bbox 933 2543 959 2594; x_wconf 91' lang='lat' dir='ltr'>S.</span> 
     </span>
    </p>
   </div>
   <div class='ocr_carea' id='block_1_4' title="bbox 405 2676 1024 2744">
    <p class='ocr_par' dir='ltr' id='par_1_7' title="bbox 405 2676 1024 2744">
     <span class='ocr_line' id='line_1_21' title="bbox 405 2676 1024 2744; baseline -0.011 -11"><span class='ocrx_word' id='word_1_149' title='bbox 405 2684 488 2744; x_wconf 74' lang='lat' dir='ltr'>Pliny</span> <span class='ocrx_word' id='word_1_150' title='bbox 499 2682 574 2744; x_wconf 75' lang='lat' dir='ltr'>helpo</span> <span class='ocrx_word' id='word_1_151' title='bbox 586 2687 612 2731; x_wconf 82' lang='lat' dir='ltr'>to</span> <span class='ocrx_word' id='word_1_152' title='bbox 626 2680 717 2730; x_wconf 82' lang='lat' dir='ltr'>eadow</span> <span class='ocrx_word' id='word_1_153' title='bbox 730 2692 746 2728; x_wconf 86' lang='grc' dir='ltr'><em>α</em></span> <span class='ocrx_word' id='word_1_154' title='bbox 759 2679 849 2728; x_wconf 83' lang='lat' dir='ltr'>school</span> <span class='ocrx_word' id='word_1_155' title='bbox 861 2684 889 2728; x_wconf 82' lang='lat' dir='ltr'>ot</span> <span class='ocrx_word' id='word_1_156' title='bbox 905 2676 1024 2728; x_wconf 76' lang='lat' dir='ltr'>Comum.</span> 
     </span>
    </p>
   </div>
   <div class='ocr_carea' id='block_1_5' title="bbox 163 2809 1253 3835">
    <p class='ocr_par' dir='ltr' id='par_1_8' title="bbox 163 2809 1251 3096">
     <span class='ocr_line' id='line_1_22' title="bbox 254 2809 1251 2885; baseline -0.004 -10"><span class='ocrx_word' id='word_1_157' title='bbox 254 2815 381 2877; x_wconf 84' lang='lat' dir='ltr'>Salvum</span> <span class='ocrx_word' id='word_1_158' title='bbox 395 2821 428 2874; x_wconf 88' lang='lat' dir='ltr'>te</span> <span class='ocrx_word' id='word_1_159' title='bbox 442 2814 476 2873; x_wconf 93' lang='lat' dir='ltr'>in</span> <span class='ocrx_word' id='word_1_160' title='bbox 489 2814 598 2872; x_wconf 91' lang='lat' dir='ltr'>urbem</span> <span class='ocrx_word' id='word_1_161' title='bbox 620 2809 744 2870; x_wconf 85' lang='lat' dir='ltr'>venisse</span> <span class='ocrx_word' id='word_1_162' title='bbox 765 2809 901 2884; x_wconf 83' lang='lat' dir='ltr'>gaude03</span> <span class='ocrx_word' id='word_1_163' title='bbox 923 2809 1041 2868; x_wconf 88' lang='lat' dir='ltr'>venisti</span> <span class='ocrx_word' id='word_1_164' title='bbox 1060 2815 1173 2885; x_wconf 86' lang='lat' dir='ltr'>autem,</span> <span class='ocrx_word' id='word_1_165' title='bbox 1190 2809 1217 2869; x_wconf 89' lang='lat' dir='ltr'>si</span> <span class='ocrx_word' id='word_1_166' title='bbox 1238 2827 1251 2872; x_wconf 90' lang='lat'>1</span> 
     </span>
     <span class='ocr_line' id='line_1_23' title="bbox 213 2913 1218 2998; baseline -0.006 -18"><span class='ocrx_word' id='word_1_167' title='bbox 213 2920 338 2998; x_wconf 91' lang='lat' dir='ltr'>quando</span> <span class='ocrx_word' id='word_1_168' title='bbox 353 2919 441 2992; x_wconf 87' lang='lat' dir='ltr'>alias,</span> <span class='ocrx_word' id='word_1_169' title='bbox 457 2936 540 2977; x_wconf 89' lang='lat' dir='ltr'>nunc</span> <span class='ocrx_word' id='word_1_170' title='bbox 554 2915 690 2976; x_wconf 87' lang='lat' dir='ltr'>maxime</span> <span class='ocrx_word' id='word_1_171' title='bbox 705 2913 785 2973; x_wconf 89' lang='lat' dir='ltr'>mihi</span> <span class='ocrx_word' id='word_1_172' title='bbox 801 2913 1005 2973; x_wconf 90' lang='lat' dir='ltr'>desideratus.</span> <span class='ocrx_word' id='word_1_173' title='bbox 1049 2914 1123 2990; x_wconf 87' lang='lat' dir='ltr'>Ipse</span> <span class='ocrx_word' id='word_1_174' title='bbox 1144 2933 1218 2992; x_wconf 94' lang='lat' dir='ltr'>pau-</span> 
     </span>
     <span class='ocr_line' id='line_1_24' title="bbox 163 3019 1217 3096; baseline -0.007 -11"><span class='ocrx_word' id='word_1_175' title='bbox 163 3041 193 3086; x_wconf 81' lang='lat'>20</span> <span class='ocrx_word' id='word_1_176' title='bbox 214 3025 292 3085; x_wconf 88' lang='lat' dir='ltr'>culis</span> <span class='ocrx_word' id='word_1_177' title='bbox 308 3025 409 3083; x_wconf 87' lang='lat' dir='ltr'>adhuc</span> <span class='ocrx_word' id='word_1_178' title='bbox 425 3023 535 3082; x_wconf 90' lang='lat' dir='ltr'>diebus</span> <span class='ocrx_word' id='word_1_179' title='bbox 550 3021 583 3080; x_wconf 91' lang='lat' dir='ltr'>in</span> <span class='ocrx_word' id='word_1_180' title='bbox 598 3019 776 3080; x_wconf 84' lang='lat' dir='ltr'>Tusculano</span> <span class='ocrx_word' id='word_1_181' title='bbox 797 3019 1016 3091; x_wconf 88' lang='lat' dir='ltr'>commorabor,</span> <span class='ocrx_word' id='word_1_182' title='bbox 1038 3025 1074 3078; x_wconf 88' lang='lat' dir='ltr'>ut</span> <span class='ocrx_word' id='word_1_183' title='bbox 1089 3037 1217 3096; x_wconf 87' lang='lat' dir='ltr'>opuscu-</span> 
     </span>
    </p>

    <p class='ocr_par' dir='ltr' id='par_1_9' title="bbox 213 3122 1252 3521">
     <span class='ocr_line' id='line_1_25' title="bbox 213 3122 1252 3207; baseline -0.005 -18"><span class='ocrx_word' id='word_1_184' title='bbox 213 3130 279 3189; x_wconf 93' lang='lat' dir='ltr'>lum</span> <span class='ocrx_word' id='word_1_185' title='bbox 300 3130 383 3207; x_wconf 92' lang='lat' dir='ltr'>quod</span> <span class='ocrx_word' id='word_1_186' title='bbox 404 3134 452 3188; x_wconf 86' lang='lat' dir='ltr'>est</span> <span class='ocrx_word' id='word_1_187' title='bbox 479 3128 513 3187; x_wconf 93' lang='lat' dir='ltr'>in</span> <span class='ocrx_word' id='word_1_188' title='bbox 540 3126 684 3186; x_wconf 90' lang='lat' dir='ltr'>manibus</span> <span class='ocrx_word' id='word_1_189' title='bbox 706 3122 873 3183; x_wconf 91' lang='lat' dir='ltr'>absolvam.</span> <span class='ocrx_word' id='word_1_190' title='bbox 916 3123 1033 3183; x_wconf 89' lang='lat' dir='ltr'>Vereor</span> <span class='ocrx_word' id='word_1_191' title='bbox 1055 3123 1139 3182; x_wconf 92' lang='lat' dir='ltr'>enim</span> <span class='ocrx_word' id='word_1_192' title='bbox 1167 3139 1252 3198; x_wconf 81' lang='lat' dir='ltr'>ne‚2</span> 
     </span>
     <span class='ocr_line' id='line_1_26' title="bbox 214 3227 1218 3303; baseline -0.007 -8"><span class='ocrx_word' id='word_1_193' title='bbox 214 3235 241 3296; x_wconf 90' lang='lat' dir='ltr'>si</span> <span class='ocrx_word' id='word_1_194' title='bbox 268 3234 350 3294; x_wconf 91' lang='lat' dir='ltr'>hano</span> <span class='ocrx_word' id='word_1_195' title='bbox 372 3233 579 3293; x_wconf 87' lang='lat' dir='ltr'>intentionem</span> <span class='ocrx_word' id='word_1_196' title='bbox 602 3231 664 3289; x_wconf 93' lang='lat' dir='ltr'>iam</span> <span class='ocrx_word' id='word_1_197' title='bbox 688 3229 721 3287; x_wconf 91' lang='lat' dir='ltr'>in</span> <span class='ocrx_word' id='word_1_198' title='bbox 742 3227 806 3286; x_wconf 88' lang='lat' dir='ltr'>fine</span> <span class='ocrx_word' id='word_1_199' title='bbox 830 3227 1035 3302; x_wconf 88' lang='lat' dir='ltr'>intermisero,</span> <span class='ocrx_word' id='word_1_200' title='bbox 1058 3247 1149 3303; x_wconf 88' lang='lat' dir='ltr'>aegre</span> <span class='ocrx_word' id='word_1_201' title='bbox 1173 3247 1218 3288; x_wconf 92' lang='lat' dir='ltr'>re·</span> 
     </span>
     <span class='ocr_line' id='line_1_27' title="bbox 215 3332 1218 3412; baseline -0.006 -13"><span class='ocrx_word' id='word_1_202' title='bbox 215 3358 343 3400; x_wconf 91' lang='lat' dir='ltr'>sumam.</span> <span class='ocrx_word' id='word_1_203' title='bbox 387 3338 520 3397; x_wconf 89' lang='lat' dir='ltr'>Interim</span> <span class='ocrx_word' id='word_1_204' title='bbox 534 3355 573 3395; x_wconf 88' lang='lat' dir='ltr'>ne</span> <span class='ocrx_word' id='word_1_205' title='bbox 589 3335 665 3412; x_wconf 91' lang='lat' dir='ltr'>quid</span> <span class='ocrx_word' id='word_1_206' title='bbox 680 3332 879 3392; x_wconf 82' lang='lat' dir='ltr'>festinationi</span> <span class='ocrx_word' id='word_1_207' title='bbox 892 3350 980 3391; x_wconf 90' lang='lat' dir='ltr'>meae</span> <span class='ocrx_word' id='word_1_208' title='bbox 1001 3337 1118 3409; x_wconf 88' lang='lat' dir='ltr'>pereat,</span> <span class='ocrx_word' id='word_1_209' title='bbox 1134 3334 1218 3410; x_wconf 93' lang='lat' dir='ltr'>quod</span> 
     </span>
     <span class='ocr_line' id='line_1_28' title="bbox 215 3436 1219 3521; baseline -0.006 -17"><span class='ocrx_word' id='word_1_210' title='bbox 215 3464 283 3505; x_wconf 93' lang='lat' dir='ltr'>sum</span> <span class='ocrx_word' id='word_1_211' title='bbox 301 3462 448 3521; x_wconf 83' lang='lat' dir='ltr'>praesens</span> <span class='ocrx_word' id='word_1_212' title='bbox 469 3441 626 3519; x_wconf 87' lang='lat' dir='ltr'>petiturus</span> <span class='ocrx_word' id='word_1_213' title='bbox 648 3439 707 3498; x_wconf 88' lang='lat' dir='ltr'>hac</span> <span class='ocrx_word' id='word_1_214' title='bbox 730 3436 820 3514; x_wconf 91' lang='lat' dir='ltr'>quasi</span> <span class='ocrx_word' id='word_1_215' title='bbox 845 3437 1058 3514; x_wconf 87' lang='lat' dir='ltr'>praecursoria</span> <span class='ocrx_word' id='word_1_216' title='bbox 1081 3438 1219 3515; x_wconf 88' lang='lat' dir='ltr'>epistula</span> 
     </span>
    </p>

    <p class='ocr_par' dir='ltr' id='par_1_10' title="bbox 165 3541 1253 3835">
     <span class='ocr_line' id='line_1_29' title="bbox 165 3541 1253 3627; baseline -0.006 -15"><span class='ocrx_word' id='word_1_217' title='bbox 165 3568 296 3627; x_wconf 75' lang='lat' dir='ltr'>arrogo</span> <span class='ocrx_word' id='word_1_218' title='bbox 341 3549 402 3609; x_wconf 83' lang='lat' dir='ltr'>Sed</span> <span class='ocrx_word' id='word_1_219' title='bbox 426 3547 513 3625; x_wconf 91' lang='lat' dir='ltr'>prius</span> <span class='ocrx_word' id='word_1_220' title='bbox 536 3545 641 3621; x_wconf 86' lang='lat' dir='ltr'>accipe</span> <span class='ocrx_word' id='word_1_221' title='bbox 664 3561 773 3602; x_wconf 88' lang='lat' dir='ltr'>causas</span> <span class='ocrx_word' id='word_1_222' title='bbox 795 3541 934 3615; x_wconf 86' lang='lat' dir='ltr'>rogandi.</span> <span class='ocrx_word' id='word_1_223' title='bbox 977 3542 1124 3601; x_wconf 84' lang='lat' dir='ltr'>Proxime</span> <span class='ocrx_word' id='word_1_224' title='bbox 1147 3560 1253 3606; x_wconf 84' lang='lat' dir='ltr'>cuma</span> 
     </span>
     <span class='ocr_line' id='line_1_30' title="bbox 215 3645 1218 3731; baseline -0.007 -18"><span class='ocrx_word' id='word_1_225' title='bbox 215 3655 249 3713; x_wconf 92' lang='lat' dir='ltr'>iu</span> <span class='ocrx_word' id='word_1_226' title='bbox 277 3654 380 3731; x_wconf 88' lang='lat' dir='ltr'>patria</span> <span class='ocrx_word' id='word_1_227' title='bbox 404 3671 473 3711; x_wconf 93' lang='lat' dir='ltr'>mea</span> <span class='ocrx_word' id='word_1_228' title='bbox 493 3650 550 3725; x_wconf 85' lang='lat' dir='ltr'>fui,</span> <span class='ocrx_word' id='word_1_229' title='bbox 572 3647 661 3707; x_wconf 84' lang='lat' dir='ltr'>venit</span> <span class='ocrx_word' id='word_1_230' title='bbox 684 3647 724 3706; x_wconf 86' lang='lat' dir='ltr'>ad</span> <span class='ocrx_word' id='word_1_231' title='bbox 751 3664 800 3704; x_wconf 89' lang='lat' dir='ltr'>me</span> <span class='ocrx_word' id='word_1_232' title='bbox 826 3645 1026 3704; x_wconf 90' lang='lat' dir='ltr'>salutandum</span> <span class='ocrx_word' id='word_1_233' title='bbox 1050 3647 1218 3724; x_wconf 89' lang='lat' dir='ltr'>municipis</span> 
     </span>
     <span class='ocr_line' id='line_1_31' title="bbox 215 3749 1217 3835; baseline -0.008 -16"><span class='ocrx_word' id='word_1_234' title='bbox 215 3759 277 3819; x_wconf 90' lang='lat' dir='ltr'>mei</span> <span class='ocrx_word' id='word_1_235' title='bbox 304 3759 389 3818; x_wconf 89' lang='lat' dir='ltr'>filius</span> <span class='ocrx_word' id='word_1_236' title='bbox 418 3758 642 3835; x_wconf 83' lang='lat' dir='ltr'>praetextatus.</span> <span class='ocrx_word' id='word_1_237' title='bbox 694 3749 779 3810; x_wconf 91' lang='lat' dir='ltr'>Huic</span> <span class='ocrx_word' id='word_1_238' title='bbox 807 3768 864 3825; x_wconf 83' lang='lat' dir='ltr'>ego</span> <span class='ocrx_word' id='word_1_239' title='bbox 887 3749 1056 3810; x_wconf 87' lang='lat' dir='ltr'>‘studes?&#39;</span> <span class='ocrx_word' id='word_1_240' title='bbox 1079 3751 1217 3828; x_wconf 88' lang='lat' dir='ltr'>inquam.</span> 
     </span>
    </p>
   </div>
   <div class='ocr_carea' id='block_1_6' title="bbox 0 0 1396 4164">
    <p class='ocr_par' dir='ltr' id='par_1_11' title="bbox 0 0 1396 4164">
     <span class='ocr_line' id='line_1_32' title="bbox 0 0 1396 4164; baseline 0 0"><span class='ocrx_word' id='word_1_241' title='bbox 0 0 1396 4164; x_wconf 95' lang='lat' dir='ltr'> </span> 
     </span>
    </p>
   </div>
  </div>
 </body>
</html>
