2782 4164
506 309 768 363 EPISTULARUM
791 310 839 362 IV.
860 309 900 363 12.

629 549 682 610 se
711 545 779 628 (x.)

379 707 409 761 0.
434 706 580 758 PLINIUS
604 706 735 757 STATIO
758 706 890 757 SABINO
913 705 981 756 SUO
1004 705 1032 758 Β.

206 852 263 905 Tire
274 855 371 905 kirowu
384 855 477 905 wishes
489 855 522 917 os
534 869 550 905 a
563 856 684 904 leccatrix
696 859 781 903 arcto
795 854 824 904 be
832 853 960 916 sulyllled,
976 867 1038 903 even
1050 854 1077 916 is
1085 859 1131 903 not
1142 853 1207 914 dulc

633 945 776 1006 expressed.

165 1071 181 1118 1
245 1059 361 1121 Scribis
375 1061 454 1119 mihi
470 1060 627 1135 Sabinam,
637 1078 716 1137 quae
727 1078 784 1118 nos
796 1059 925 1136 reliquit
934 1059 1073 1133 heredes,
1086 1058 1207 1118 Modes-

201 1171 271 1225 tum
292 1183 416 1225 serrum
436 1184 527 1226 suum
544 1183 699 1242 nusquam
718 1164 850 1224 liberum
868 1182 935 1223 esse
951 1163 1088 1238 iussisse,
1104 1163 1205 1222 eidem

202 1277 309 1330 tamen
330 1270 374 1330 sic
395 1270 600 1347 adscripsisse
622 1269 761 1344 legatum
779 1269 942 1328 ‘Modesto
959 1287 1050 1345 quem
1073 1268 1204 1327 liberum

165 1385 182 1431 a
203 1393 271 1435 esse
290 1375 387 1435 iussi!
429 1374 560 1446 Quaeris
579 1374 655 1452 quid
676 1373 818 1434 sentiam.
862 1373 989 1434 Contuli
1007 1391 1073 1432 cum
1094 1373 1205 1450 peritis

178 1464 181 1469 ¹
202 1479 289 1541 iuris.
333 1480 487 1541 Convenit
504 1480 587 1539 inter
604 1498 711 1539 omnes
728 1498 785 1538 nec
802 1479 980 1538 libertatem
999 1478 1114 1553 deberi,
1131 1477 1206 1555 quia
1225 1491 1241 1536 5

203 1585 324 1645 nonsit
340 1585 422 1659 data,
443 1603 500 1643 nec
521 1584 667 1661 legatum,
687 1584 761 1661 quia
782 1602 870 1643 servo
892 1602 948 1642 suc
969 1584 1100 1642 dederit.
1144 1583 1206 1643 Sed

202 1689 282 1748 mihi
299 1690 486 1749 manifestus
505 1708 589 1748 error
608 1689 741 1763 videtur,
758 1689 889 1765 ideoque
905 1693 982 1765 puto
1000 1688 1099 1763 nobis,
1115 1687 1206 1765 quasi

203 1794 365 1872 scripserit
396 1794 520 1868 Sabina,
550 1794 729 1853 faciendum
763 1795 847 1870 quod
879 1794 949 1871 ipsa
980 1793 1141 1870 scripsisse
1172 1812 1205 1852 se

165 1911 183 1956 3
203 1899 345 1958 credidit.
388 1898 518 1958 Confido
540 1917 736 1959 accessurum
762 1904 793 1958 te
818 1898 993 1959 sententiae
1018 1916 1113 1972 meae,
1135 1916 1206 1957 cum

202 2002 439 2079 religiosissime
462 2003 562 2063 soleas
583 2003 740 2063 custodire
762 2003 982 2062 defunctorum
1002 2002 1204 2076 voluntatem,
1226 2016 1253 2061 10

203 2127 297 2185 quarn
318 2108 408 2168 bonis
430 2108 596 2168 heredibus
619 2107 814 2168 intellexisse
834 2127 890 2185 pro
909 2108 976 2166 iure
995 2113 1051 2167 est.
1093 2107 1205 2183 Neque

203 2213 287 2272 enim
308 2213 412 2274 minus
434 2214 517 2290 apud
538 2233 594 2273 nos
616 2213 763 2272 honestas
785 2232 879 2290 quam
900 2213 984 2289 apud
1005 2212 1083 2271 alios
1104 2230 1207 2271 neees-

166 2333 183 2379 4
203 2317 281 2379 sitas
301 2318 393 2378 valet.
436 2319 578 2377 Moretur
599 2337 672 2395 ergo
689 2318 723 2377 in
744 2317 888 2377 libertate
910 2317 1084 2376 sinentibus
1106 2316 1204 2390 nobis,

202 2423 327 2482 fruatur
348 2423 460 2498 legato,
482 2423 572 2500 quasi
594 2423 699 2482 omnia
720 2422 962 2498 diligentissime
983 2421 1109 2480 caverit.
1153 2421 1207 2481 Oa

202 2527 252 2588 vit
265 2527 349 2588 enim
364 2547 443 2604 quae
458 2527 587 2588 heredes
602 2528 679 2587 bene
695 2527 798 2604 elegit.
840 2527 927 2588 Vale.
1226 2540 1254 2586 15

610 2775 663 2835 47.
693 2771 797 2852 (xri.)

349 2931 380 2983 C.
405 2930 549 2982 PLINIUS
573 2930 728 2980 MATURO
751 2929 919 2979 ARRIANO
943 2928 1011 2979 SUO
1035 2928 1061 2980 S.

539 3077 566 3126 A
576 3078 735 3139 scrupulosis
747 3082 877 3138 quaestor.

169 3236 183 3282 1
244 3223 343 3283 Amas
363 3222 535 3297 Egnatium
556 3222 776 3281 Marcellinum
795 3226 889 3297 atque
911 3219 1005 3278 etiarn
1021 3218 1099 3277 mihi
1114 3236 1206 3295 saepe

205 3328 419 3388 commendas:
448 3327 567 3386 amabis
596 3325 696 3402 magis
723 3324 1026 3400 commendabisque,
1050 3323 1076 3382 si
1099 3341 1208 3397 cogno·

168 3433 288 3493 tueris
309 3432 376 3492 eius
398 3450 505 3490 recens
526 3431 654 3490 factum.
699 3431 775 3490 Cum
798 3429 832 3487 in
854 3428 1047 3506 provinciam
1062 3433 1207 3504 quaestor

205 3538 323 3597 exisset
352 3537 547 3613 scribamque
569 3536 624 3613 qui
649 3541 732 3595 sorte
755 3534 909 3608 obtigerat
934 3539 1006 3591 ante
1031 3532 1208 3607 legitimum

205 3642 313 3703 salarii
328 3647 452 3718 tempus
474 3641 640 3713 amisisset,
657 3639 740 3716 quod
761 3645 921 3715 acceperat
943 3637 1061 3697 scribae
1076 3638 1207 3696 daturus
1227 3641 1255 3686 2⁰

169 3759 186 3806 3
206 3746 368 3807 intellexit
382 3750 414 3805 et
429 3745 542 3805 statuit
557 3744 717 3804 subsidere
733 3743 816 3821 apud
831 3761 863 3801 se
878 3761 941 3800 uon
952 3748 1103 3820 oportere.
1145 3741 1208 3800 Ita
