<?xml version="1.0" encoding="UTF-8"?>
<!DOCTYPE html PUBLIC "-//W3C//DTD XHTML 1.0 Transitional//EN"
    "http://www.w3.org/TR/xhtml1/DTD/xhtml1-transitional.dtd">
<html xmlns="http://www.w3.org/1999/xhtml" xml:lang="en" lang="en">
 <head>
  <title>
</title>
<meta http-equiv="Content-Type" content="text/html;charset=utf-8" />
  <meta name='ocr-system' content='tesseract 3.04.00' />
  <meta name='ocr-capabilities' content='ocr_page ocr_carea ocr_par ocr_line ocrx_word'/>
</head>
<body>
  <div class='ocr_page' id='page_1' title='image "./cplinisecundiep00plingoog_0162.png"; bbox 0 0 2782 4164; ppageno 0'>
   <div class='ocr_carea' id='block_1_1' title="bbox 493 301 1191 369">
    <p class='ocr_par' dir='ltr' id='par_1_1' title="bbox 493 301 1191 369">
     <span class='ocr_line' id='line_1_1' title="bbox 493 301 1191 369; baseline 0.001 -2"><span class='ocrx_word' id='word_1_1' title='bbox 493 317 755 368; x_wconf 75' lang='lat' dir='ltr'>nr1srunanmr</span> <span class='ocrx_word' id='word_1_2' title='bbox 777 316 827 367; x_wconf 86' lang='lat' dir='ltr'>rx.</span> <span class='ocrx_word' id='word_1_3' title='bbox 849 316 888 369; x_wconf 80' lang='lat'>19.</span> <span class='ocrx_word' id='word_1_4' title='bbox 1127 301 1191 368; x_wconf 81' lang='lat'>113</span> 
     </span>
    </p>
   </div>
   <div class='ocr_carea' id='block_1_2' title="bbox 270 487 1115 672">
    <p class='ocr_par' dir='ltr' id='par_1_2' title="bbox 270 453 1115 672">
     <span class='ocr_line' id='line_1_2' title="bbox 270 487 1115 567; baseline 0 -20"><span class='ocrx_word' id='word_1_5' title='bbox 270 487 333 548; x_wconf 88' lang='lat' dir='ltr'>Hie</span> <span class='ocrx_word' id='word_1_6' title='bbox 348 487 428 549; x_wconf 90' lang='lat' dir='ltr'>situs</span> <span class='ocrx_word' id='word_1_7' title='bbox 443 493 492 549; x_wconf 90' lang='lat' dir='ltr'>est</span> <span class='ocrx_word' id='word_1_8' title='bbox 505 488 620 565; x_wconf 84' lang='lat' dir='ltr'>Rufus,</span> <span class='ocrx_word' id='word_1_9' title='bbox 635 489 726 567; x_wconf 88' lang='lat' dir='ltr'>pulso</span> <span class='ocrx_word' id='word_1_10' title='bbox 740 489 796 566; x_wconf 90' lang='lat' dir='ltr'>qui</span> <span class='ocrx_word' id='word_1_11' title='bbox 810 488 944 550; x_wconf 78' lang='lat' dir='ltr'>Vindice</span> <span class='ocrx_word' id='word_1_12' title='bbox 958 488 1115 565; x_wconf 90' lang='lat' dir='ltr'>quondam</span> 
     </span>
     <span class='ocr_line' id='line_1_3' title="bbox 309 592 997 672; baseline 0.001 -21"><span class='ocrx_word' id='word_1_13' title='bbox 309 593 475 670; x_wconf 90' lang='lat' dir='ltr'>imperium</span> <span class='ocrx_word' id='word_1_14' title='bbox 492 593 633 654; x_wconf 88' lang='lat' dir='ltr'>adseruit</span> <span class='ocrx_word' id='word_1_15' title='bbox 646 612 709 654; x_wconf 94' lang='lat' dir='ltr'>non</span> <span class='ocrx_word' id='word_1_16' title='bbox 723 593 784 654; x_wconf 85' lang='lat' dir='ltr'>sibi</span> <span class='ocrx_word' id='word_1_17' title='bbox 799 594 855 654; x_wconf 92' lang='lat' dir='ltr'>sed</span> <span class='ocrx_word' id='word_1_18' title='bbox 867 592 997 672; x_wconf 80' lang='lat' dir='ltr'>patriae.</span> 
     </span>
    </p>
   </div>
   <div class='ocr_carea' id='block_1_3' title="bbox 155 803 1243 3821">
    <p class='ocr_par' dir='ltr' id='par_1_3' title="bbox 155 803 1227 1407">
     <span class='ocr_line' id='line_1_4' title="bbox 191 803 1192 882; baseline 0 -19"><span class='ocrx_word' id='word_1_19' title='bbox 191 804 407 882; x_wconf 81' lang='lat' dir='ltr'>Reprehendis</span> <span class='ocrx_word' id='word_1_20' title='bbox 422 805 506 881; x_wconf 93' lang='lat' dir='ltr'>quod</span> <span class='ocrx_word' id='word_1_21' title='bbox 519 804 658 881; x_wconf 92' lang='lat' dir='ltr'>iusserit,</span> <span class='ocrx_word' id='word_1_22' title='bbox 674 805 763 866; x_wconf 87' lang='lat' dir='ltr'>addis</span> <span class='ocrx_word' id='word_1_23' title='bbox 777 805 874 866; x_wconf 88' lang='lat' dir='ltr'>etiam</span> <span class='ocrx_word' id='word_1_24' title='bbox 887 803 1001 865; x_wconf 90' lang='lat' dir='ltr'>melius</span> <span class='ocrx_word' id='word_1_25' title='bbox 1015 804 1192 881; x_wconf 79' lang='lat' dir='ltr'>rectiusque</span> 
     </span>
     <span class='ocr_line' id='line_1_5' title="bbox 190 908 1191 987; baseline -0.001 -19"><span class='ocrx_word' id='word_1_26' title='bbox 190 910 385 985; x_wconf 88' lang='lat' dir='ltr'>Frontinum,</span> <span class='ocrx_word' id='word_1_27' title='bbox 398 910 482 987; x_wconf 94' lang='lat' dir='ltr'>quod</span> <span class='ocrx_word' id='word_1_28' title='bbox 496 910 632 970; x_wconf 86' lang='lat' dir='ltr'>vetuerit</span> <span class='ocrx_word' id='word_1_29' title='bbox 646 909 773 970; x_wconf 91' lang='lat' dir='ltr'>omnino</span> <span class='ocrx_word' id='word_1_30' title='bbox 787 915 1022 970; x_wconf 78' lang='lat' dir='ltr'>monumentum</span> <span class='ocrx_word' id='word_1_31' title='bbox 1038 910 1099 971; x_wconf 84' lang='lat' dir='ltr'>sibi</span> <span class='ocrx_word' id='word_1_32' title='bbox 1113 908 1191 986; x_wconf 90' lang='lat' dir='ltr'>fieri,</span> 
     </span>
     <span class='ocr_line' id='line_1_6' title="bbox 190 1008 1227 1093; baseline 0.002 -20"><span class='ocrx_word' id='word_1_33' title='bbox 190 1033 301 1092; x_wconf 90' lang='lat' dir='ltr'>meque</span> <span class='ocrx_word' id='word_1_34' title='bbox 321 1015 361 1075; x_wconf 88' lang='lat' dir='ltr'>ad</span> <span class='ocrx_word' id='word_1_35' title='bbox 382 1022 555 1074; x_wconf 86' lang='lat' dir='ltr'>extremum</span> <span class='ocrx_word' id='word_1_36' title='bbox 577 1015 655 1093; x_wconf 92' lang='lat' dir='ltr'>quid</span> <span class='ocrx_word' id='word_1_37' title='bbox 676 1016 714 1075; x_wconf 92' lang='lat' dir='ltr'>de</span> <span class='ocrx_word' id='word_1_38' title='bbox 734 1021 868 1092; x_wconf 91' lang='lat' dir='ltr'>utroque</span> <span class='ocrx_word' id='word_1_39' title='bbox 890 1008 1024 1076; x_wconf 87' lang='lat' dir='ltr'>sentiam</span> <span class='ocrx_word' id='word_1_40' title='bbox 1045 1014 1192 1075; x_wconf 78' lang='lat' dir='ltr'>consulis.</span> <span class='ocrx_word' id='word_1_41' title='bbox 1212 1038 1227 1084; x_wconf 70' lang='grc' dir='ltr'>ις</span> 
     </span>
     <span class='ocr_line' id='line_1_7' title="bbox 155 1120 1194 1197; baseline 0.003 -20"><span class='ocrx_word' id='word_1_42' title='bbox 155 1122 370 1197; x_wconf 78' lang='lat' dir='ltr'>aUtrumque</span> <span class='ocrx_word' id='word_1_43' title='bbox 401 1120 507 1195; x_wconf 86' lang='lat' dir='ltr'>dilexi,</span> <span class='ocrx_word' id='word_1_44' title='bbox 532 1120 665 1181; x_wconf 83' lang='lat' dir='ltr'>miratus</span> <span class='ocrx_word' id='word_1_45' title='bbox 694 1140 764 1181; x_wconf 94' lang='lat' dir='ltr'>sum</span> <span class='ocrx_word' id='word_1_46' title='bbox 791 1120 891 1197; x_wconf 86' lang='lat' dir='ltr'>magis</span> <span class='ocrx_word' id='word_1_47' title='bbox 919 1139 1012 1197; x_wconf 93' lang='lat' dir='ltr'>quem</span> <span class='ocrx_word' id='word_1_48' title='bbox 1036 1124 1072 1179; x_wconf 91' lang='lat' dir='ltr'>tu</span> <span class='ocrx_word' id='word_1_49' title='bbox 1093 1138 1194 1197; x_wconf 77' lang='lat' dir='ltr'>repre·</span> 
     </span>
     <span class='ocr_line' id='line_1_8' title="bbox 190 1225 1193 1303; baseline 0.002 -20"><span class='ocrx_word' id='word_1_50' title='bbox 190 1225 313 1301; x_wconf 87' lang='lat' dir='ltr'>hendis,</span> <span class='ocrx_word' id='word_1_51' title='bbox 329 1230 422 1302; x_wconf 92' lang='lat' dir='ltr'>atque</span> <span class='ocrx_word' id='word_1_52' title='bbox 437 1226 483 1285; x_wconf 89' lang='lat' dir='ltr'>ita</span> <span class='ocrx_word' id='word_1_53' title='bbox 497 1225 629 1286; x_wconf 87' lang='lat' dir='ltr'>miratus</span> <span class='ocrx_word' id='word_1_54' title='bbox 643 1232 680 1286; x_wconf 93' lang='lat' dir='ltr'>ut</span> <span class='ocrx_word' id='word_1_55' title='bbox 696 1245 760 1285; x_wconf 90' lang='lat' dir='ltr'>non</span> <span class='ocrx_word' id='word_1_56' title='bbox 780 1231 921 1303; x_wconf 88' lang='lat' dir='ltr'>putarem</span> <span class='ocrx_word' id='word_1_57' title='bbox 945 1225 1022 1286; x_wconf 89' lang='lat' dir='ltr'>satis</span> <span class='ocrx_word' id='word_1_58' title='bbox 1043 1244 1193 1302; x_wconf 93' lang='lat' dir='ltr'>umquam</span> 
     </span>
     <span class='ocr_line' id='line_1_9' title="bbox 190 1330 1192 1407; baseline 0 -18"><span class='ocrx_word' id='word_1_59' title='bbox 190 1348 281 1407; x_wconf 90' lang='lat' dir='ltr'>posse</span> <span class='ocrx_word' id='word_1_60' title='bbox 307 1330 429 1390; x_wconf 91' lang='lat' dir='ltr'>laudari</span> <span class='ocrx_word' id='word_1_61' title='bbox 454 1331 542 1390; x_wconf 90' lang='lat' dir='ltr'>ouius</span> <span class='ocrx_word' id='word_1_62' title='bbox 567 1349 650 1391; x_wconf 92' lang='lat' dir='ltr'>nuno</span> <span class='ocrx_word' id='word_1_63' title='bbox 675 1330 755 1390; x_wconf 91' lang='lat' dir='ltr'>mihi</span> <span class='ocrx_word' id='word_1_64' title='bbox 779 1331 941 1391; x_wconf 89' lang='lat' dir='ltr'>subeunda</span> <span class='ocrx_word' id='word_1_65' title='bbox 968 1330 1111 1390; x_wconf 86' lang='lat' dir='ltr'>defensio</span> <span class='ocrx_word' id='word_1_66' title='bbox 1135 1335 1192 1390; x_wconf 89' lang='lat' dir='ltr'>est.</span> 
     </span>
    </p>

    <p class='ocr_par' dir='ltr' id='par_1_4' title="bbox 156 1434 1243 1828">
     <span class='ocr_line' id='line_1_10' title="bbox 156 1434 1195 1514; baseline 0 -19"><span class='ocrx_word' id='word_1_67' title='bbox 156 1450 172 1495; x_wconf 82' lang='lat' dir='ltr'>a</span> <span class='ocrx_word' id='word_1_68' title='bbox 191 1434 306 1496; x_wconf 89' lang='lat' dir='ltr'>Omnes</span> <span class='ocrx_word' id='word_1_69' title='bbox 328 1454 384 1510; x_wconf 85' lang='lat' dir='ltr'>ego</span> <span class='ocrx_word' id='word_1_70' title='bbox 405 1434 461 1512; x_wconf 90' lang='lat' dir='ltr'>qui</span> <span class='ocrx_word' id='word_1_71' title='bbox 481 1455 630 1510; x_wconf 83' lang='lat' dir='ltr'>magnum</span> <span class='ocrx_word' id='word_1_72' title='bbox 651 1435 773 1514; x_wconf 87' lang='lat' dir='ltr'>aliquid</span> <span class='ocrx_word' id='word_1_73' title='bbox 794 1435 1090 1512; x_wconf 86' lang='lat' dir='ltr'>memorandumque</span> <span class='ocrx_word' id='word_1_74' title='bbox 1115 1434 1195 1495; x_wconf 77' lang='lat' dir='ltr'>feoe</span> 
     </span>
     <span class='ocr_line' id='line_1_11' title="bbox 191 1539 1243 1616; baseline 0 -17"><span class='ocrx_word' id='word_1_75' title='bbox 191 1546 265 1599; x_wconf 91' lang='lat' dir='ltr'>runt</span> <span class='ocrx_word' id='word_1_76' title='bbox 288 1560 351 1600; x_wconf 90' lang='lat' dir='ltr'>non</span> <span class='ocrx_word' id='word_1_77' title='bbox 375 1542 467 1600; x_wconf 94' lang='lat' dir='ltr'>modo</span> <span class='ocrx_word' id='word_1_78' title='bbox 492 1541 585 1600; x_wconf 88' lang='lat' dir='ltr'>venia</span> <span class='ocrx_word' id='word_1_79' title='bbox 611 1559 719 1601; x_wconf 83' lang='lat' dir='ltr'>verum</span> <span class='ocrx_word' id='word_1_80' title='bbox 749 1541 845 1601; x_wconf 90' lang='lat' dir='ltr'>etiam</span> <span class='ocrx_word' id='word_1_81' title='bbox 874 1540 967 1600; x_wconf 87' lang='lat' dir='ltr'>laude</span> <span class='ocrx_word' id='word_1_82' title='bbox 991 1539 1193 1616; x_wconf 82' lang='lat' dir='ltr'>dignissimos</span> <span class='ocrx_word' id='word_1_83' title='bbox 1214 1560 1243 1606; x_wconf 92' lang='lat'>10</span> 
     </span>
     <span class='ocr_line' id='line_1_12' title="bbox 190 1644 1195 1722; baseline 0.001 -19"><span class='ocrx_word' id='word_1_84' title='bbox 190 1645 303 1721; x_wconf 83' lang='lat' dir='ltr'>iudico,</span> <span class='ocrx_word' id='word_1_85' title='bbox 325 1645 353 1711; x_wconf 88' lang='lat' dir='ltr'>si</span> <span class='ocrx_word' id='word_1_86' title='bbox 377 1644 647 1705; x_wconf 88' lang='lat' dir='ltr'>immortalitatem</span> <span class='ocrx_word' id='word_1_87' title='bbox 672 1665 765 1722; x_wconf 92' lang='lat' dir='ltr'>quam</span> <span class='ocrx_word' id='word_1_88' title='bbox 790 1663 930 1705; x_wconf 90' lang='lat' dir='ltr'>meruere</span> <span class='ocrx_word' id='word_1_89' title='bbox 952 1650 1112 1705; x_wconf 82' lang='lat' dir='ltr'>sectantur</span> <span class='ocrx_word' id='word_1_90' title='bbox 1133 1645 1195 1704; x_wconf 85' lang='lat' dir='ltr'>vio-</span> 
     </span>
     <span class='ocr_line' id='line_1_13' title="bbox 191 1749 1193 1828; baseline -0.001 -19"><span class='ocrx_word' id='word_1_91' title='bbox 191 1749 315 1827; x_wconf 93' lang='lat' dir='ltr'>turique</span> <span class='ocrx_word' id='word_1_92' title='bbox 329 1750 466 1810; x_wconf 89' lang='lat' dir='ltr'>nominis</span> <span class='ocrx_word' id='word_1_93' title='bbox 481 1751 599 1810; x_wconf 88' lang='lat' dir='ltr'>famam</span> <span class='ocrx_word' id='word_1_94' title='bbox 614 1751 768 1828; x_wconf 88' lang='lat' dir='ltr'>supremis</span> <span class='ocrx_word' id='word_1_95' title='bbox 786 1751 881 1810; x_wconf 93' lang='lat' dir='ltr'>etiam</span> <span class='ocrx_word' id='word_1_96' title='bbox 901 1749 1006 1810; x_wconf 89' lang='lat' dir='ltr'>titulis</span> <span class='ocrx_word' id='word_1_97' title='bbox 1027 1767 1193 1827; x_wconf 83' lang='lat' dir='ltr'>prorogare</span> 
     </span>
    </p>

    <p class='ocr_par' dir='ltr' id='par_1_5' title="bbox 155 1854 1194 2037">
     <span class='ocr_line' id='line_1_14' title="bbox 155 1854 1194 1932; baseline 0 -19"><span class='ocrx_word' id='word_1_98' title='bbox 155 1871 171 1914; x_wconf 85' lang='lat'>4</span> <span class='ocrx_word' id='word_1_99' title='bbox 191 1855 344 1915; x_wconf 77' lang='lat' dir='ltr'>nitimtur.</span> <span class='ocrx_word' id='word_1_100' title='bbox 387 1856 454 1915; x_wconf 87' lang='lat' dir='ltr'>Neo</span> <span class='ocrx_word' id='word_1_101' title='bbox 468 1855 563 1915; x_wconf 85' lang='lat' dir='ltr'>faeile</span> <span class='ocrx_word' id='word_1_102' title='bbox 578 1873 767 1932; x_wconf 89' lang='lat' dir='ltr'>quemquam</span> <span class='ocrx_word' id='word_1_103' title='bbox 786 1855 849 1915; x_wconf 93' lang='lat' dir='ltr'>nisi</span> <span class='ocrx_word' id='word_1_104' title='bbox 863 1854 1049 1932; x_wconf 87' lang='lat' dir='ltr'>Verginium</span> <span class='ocrx_word' id='word_1_105' title='bbox 1066 1854 1194 1913; x_wconf 86' lang='lat' dir='ltr'>invenio</span> 
     </span>
     <span class='ocr_line' id='line_1_15' title="bbox 190 1958 1194 2037; baseline -0.001 -19"><span class='ocrx_word' id='word_1_106' title='bbox 190 1960 279 2019; x_wconf 89' lang='lat' dir='ltr'>ouius</span> <span class='ocrx_word' id='word_1_107' title='bbox 293 1966 384 2019; x_wconf 89' lang='lat' dir='ltr'>tanta</span> <span class='ocrx_word' id='word_1_108' title='bbox 404 1959 439 2018; x_wconf 91' lang='lat' dir='ltr'>in</span> <span class='ocrx_word' id='word_1_109' title='bbox 458 1960 667 2037; x_wconf 83' lang='lat' dir='ltr'>praedicando</span> <span class='ocrx_word' id='word_1_110' title='bbox 688 1959 876 2020; x_wconf 81' lang='lat' dir='ltr'>verecundia</span> <span class='ocrx_word' id='word_1_111' title='bbox 896 1964 1015 2037; x_wconf 92' lang='lat' dir='ltr'>quanta</span> <span class='ocrx_word' id='word_1_112' title='bbox 1034 1958 1135 2034; x_wconf 86' lang='lat' dir='ltr'>gloria</span> <span class='ocrx_word' id='word_1_113' title='bbox 1155 1977 1194 2018; x_wconf 83' lang='lat' dir='ltr'>ex</span> 
     </span>
    </p>

    <p class='ocr_par' dir='ltr' id='par_1_6' title="bbox 156 2047 1243 2772">
     <span class='ocr_line' id='line_1_16' title="bbox 156 2047 1243 2142; baseline 0.005 -18"><span class='ocrx_word' id='word_1_114' title='bbox 156 2080 170 2124; x_wconf 83' lang='lat' dir='ltr'>o</span> <span class='ocrx_word' id='word_1_115' title='bbox 191 2065 284 2125; x_wconf 88' lang='lat' dir='ltr'>faoto.</span> <span class='ocrx_word' id='word_1_116' title='bbox 327 2065 401 2142; x_wconf 91' lang='lat' dir='ltr'>Ipse</span> <span class='ocrx_word' id='word_1_117' title='bbox 423 2083 491 2124; x_wconf 93' lang='lat' dir='ltr'>sum</span> <span class='ocrx_word' id='word_1_118' title='bbox 513 2065 614 2141; x_wconf 90' lang='lat' dir='ltr'>testis,</span> <span class='ocrx_word' id='word_1_119' title='bbox 631 2064 834 2125; x_wconf 86' lang='lat' dir='ltr'>familiariter</span> <span class='ocrx_word' id='word_1_120' title='bbox 854 2064 893 2124; x_wconf 93' lang='lat' dir='ltr'>ab</span> <span class='ocrx_word' id='word_1_121' title='bbox 914 2082 950 2123; x_wconf 93' lang='lat' dir='ltr'>eo</span> <span class='ocrx_word' id='word_1_122' title='bbox 970 2047 1106 2124; x_wconf 92' lang='lat' dir='ltr'>dileotus</span> <span class='ocrx_word' id='word_1_123' title='bbox 1127 2083 1195 2141; x_wconf 85' lang='lat' dir='ltr'>pro</span> <span class='ocrx_word' id='word_1_124' title='bbox 1215 2083 1243 2129; x_wconf 81' lang='lat' dir='ltr'>lo</span> 
     </span>
     <span class='ocr_line' id='line_1_17' title="bbox 190 2169 1194 2247; baseline -0.001 -17"><span class='ocrx_word' id='word_1_125' title='bbox 190 2171 353 2247; x_wconf 90' lang='lat' dir='ltr'>batusque‚</span> <span class='ocrx_word' id='word_1_126' title='bbox 375 2170 471 2230; x_wconf 90' lang='lat' dir='ltr'>semel</span> <span class='ocrx_word' id='word_1_127' title='bbox 493 2170 620 2229; x_wconf 89' lang='lat' dir='ltr'>omnino</span> <span class='ocrx_word' id='word_1_128' title='bbox 640 2189 689 2229; x_wconf 83' lang='lat' dir='ltr'>me</span> <span class='ocrx_word' id='word_1_129' title='bbox 715 2169 862 2230; x_wconf 86' lang='lat' dir='ltr'>audiente</span> <span class='ocrx_word' id='word_1_130' title='bbox 889 2175 1072 2247; x_wconf 86' lang='lat' dir='ltr'>proveetum</span> <span class='ocrx_word' id='word_1_131' title='bbox 1098 2174 1135 2227; x_wconf 91' lang='lat' dir='ltr'>ut</span> <span class='ocrx_word' id='word_1_132' title='bbox 1155 2169 1194 2229; x_wconf 92' lang='lat' dir='ltr'>de</span> 
     </span>
     <span class='ocr_line' id='line_1_18' title="bbox 191 2273 1195 2350; baseline 0 -16"><span class='ocrx_word' id='word_1_133' title='bbox 191 2276 282 2335; x_wconf 85' lang='lat' dir='ltr'>robus</span> <span class='ocrx_word' id='word_1_134' title='bbox 297 2275 364 2335; x_wconf 91' lang='lat' dir='ltr'>suis</span> <span class='ocrx_word' id='word_1_135' title='bbox 385 2275 443 2334; x_wconf 89' lang='lat' dir='ltr'>hoe</span> <span class='ocrx_word' id='word_1_136' title='bbox 465 2294 562 2333; x_wconf 90' lang='lat' dir='ltr'>unum</span> <span class='ocrx_word' id='word_1_137' title='bbox 584 2275 725 2349; x_wconf 87' lang='lat' dir='ltr'>referret,</span> <span class='ocrx_word' id='word_1_138' title='bbox 741 2274 788 2334; x_wconf 89' lang='lat' dir='ltr'>ita</span> <span class='ocrx_word' id='word_1_139' title='bbox 808 2293 912 2334; x_wconf 89' lang='lat' dir='ltr'>seeum</span> <span class='ocrx_word' id='word_1_140' title='bbox 934 2273 1103 2350; x_wconf 78' lang='lat' dir='ltr'>aliquando</span> <span class='ocrx_word' id='word_1_141' title='bbox 1124 2273 1195 2334; x_wconf 87' lang='lat' dir='ltr'>Clu-</span> 
     </span>
     <span class='ocr_line' id='line_1_19' title="bbox 190 2378 1195 2456; baseline -0.001 -16"><span class='ocrx_word' id='word_1_142' title='bbox 190 2381 277 2440; x_wconf 84' lang='lat' dir='ltr'>vium</span> <span class='ocrx_word' id='word_1_143' title='bbox 298 2380 436 2439; x_wconf 90' lang='lat' dir='ltr'>looutum</span> <span class='ocrx_word' id='word_1_144' title='bbox 455 2380 541 2454; x_wconf 86' lang='lat' dir='ltr'>‘sois,</span> <span class='ocrx_word' id='word_1_145' title='bbox 557 2380 696 2456; x_wconf 86' lang='lat' dir='ltr'>Vergini,</span> <span class='ocrx_word' id='word_1_146' title='bbox 714 2399 794 2456; x_wconf 89' lang='lat' dir='ltr'>quae</span> <span class='ocrx_word' id='word_1_147' title='bbox 815 2379 966 2440; x_wconf 89' lang='lat' dir='ltr'>historiae</span> <span class='ocrx_word' id='word_1_148' title='bbox 987 2378 1064 2439; x_wconf 89' lang='lat' dir='ltr'>fides</span> <span class='ocrx_word' id='word_1_149' title='bbox 1086 2379 1195 2439; x_wconf 79' lang='lat' dir='ltr'>debea</span> 
     </span>
     <span class='ocr_line' id='line_1_20' title="bbox 190 2483 1192 2562; baseline -0.001 -17"><span class='ocrx_word' id='word_1_150' title='bbox 190 2492 257 2545; x_wconf 90' lang='lat' dir='ltr'>tur:</span> <span class='ocrx_word' id='word_1_151' title='bbox 279 2485 410 2562; x_wconf 93' lang='lat' dir='ltr'>proinde</span> <span class='ocrx_word' id='word_1_152' title='bbox 427 2484 454 2544; x_wconf 91' lang='lat' dir='ltr'>si</span> <span class='ocrx_word' id='word_1_153' title='bbox 468 2484 546 2561; x_wconf 90' lang='lat' dir='ltr'>quid</span> <span class='ocrx_word' id='word_1_154' title='bbox 560 2485 595 2543; x_wconf 92' lang='lat' dir='ltr'>in</span> <span class='ocrx_word' id='word_1_155' title='bbox 609 2484 750 2544; x_wconf 91' lang='lat' dir='ltr'>historiis</span> <span class='ocrx_word' id='word_1_156' title='bbox 766 2485 844 2544; x_wconf 93' lang='lat' dir='ltr'>meis</span> <span class='ocrx_word' id='word_1_157' title='bbox 860 2483 939 2560; x_wconf 85' lang='lat' dir='ltr'>legis</span> <span class='ocrx_word' id='word_1_158' title='bbox 953 2484 1046 2544; x_wconf 88' lang='lat' dir='ltr'>aliter</span> <span class='ocrx_word' id='word_1_159' title='bbox 1057 2503 1092 2544; x_wconf 84' lang='lat' dir='ltr'>ao</span> <span class='ocrx_word' id='word_1_160' title='bbox 1103 2484 1192 2560; x_wconf 84' lang='lat' dir='ltr'>velis,</span> 
     </span>
     <span class='ocr_line' id='line_1_21' title="bbox 190 2583 1243 2666; baseline 0.002 -17"><span class='ocrx_word' id='word_1_161' title='bbox 190 2610 264 2666; x_wconf 85' lang='lat' dir='ltr'>rogo</span> <span class='ocrx_word' id='word_1_162' title='bbox 278 2590 440 2666; x_wconf 68' lang='lat' dir='ltr'>ignoscas!</span> <span class='ocrx_word' id='word_1_163' title='bbox 482 2583 533 2649; x_wconf 86' lang='lat' dir='ltr'>Ad</span> <span class='ocrx_word' id='word_1_164' title='bbox 547 2589 606 2649; x_wconf 87' lang='lat' dir='ltr'>hoo</span> <span class='ocrx_word' id='word_1_165' title='bbox 620 2589 674 2648; x_wconf 89' lang='lat' dir='ltr'>ille</span> <span class='ocrx_word' id='word_1_166' title='bbox 690 2595 784 2649; x_wconf 82' lang='lat' dir='ltr'>‘tune</span> <span class='ocrx_word' id='word_1_167' title='bbox 799 2590 934 2665; x_wconf 85' lang='lat' dir='ltr'>ignoras,</span> <span class='ocrx_word' id='word_1_168' title='bbox 946 2589 1047 2664; x_wconf 83' lang='lat' dir='ltr'>Cluvi,</span> <span class='ocrx_word' id='word_1_169' title='bbox 1059 2589 1130 2649; x_wconf 91' lang='lat' dir='ltr'>ideo</span> <span class='ocrx_word' id='word_1_170' title='bbox 1143 2608 1193 2649; x_wconf 92' lang='lat' dir='ltr'>me</span> <span class='ocrx_word' id='word_1_171' title='bbox 1213 2605 1243 2651; x_wconf 79' lang='lat'>20</span> 
     </span>
     <span class='ocr_line' id='line_1_22' title="bbox 190 2693 1194 2772; baseline 0.001 -19"><span class='ocrx_word' id='word_1_172' title='bbox 190 2696 304 2756; x_wconf 87' lang='lat' dir='ltr'>feoisse</span> <span class='ocrx_word' id='word_1_173' title='bbox 325 2695 409 2772; x_wconf 90' lang='lat' dir='ltr'>quod</span> <span class='ocrx_word' id='word_1_174' title='bbox 430 2695 501 2769; x_wconf 82' lang='lat' dir='ltr'>feei,</span> <span class='ocrx_word' id='word_1_175' title='bbox 522 2700 559 2754; x_wconf 93' lang='lat' dir='ltr'>ut</span> <span class='ocrx_word' id='word_1_176' title='bbox 579 2700 662 2755; x_wconf 91' lang='lat' dir='ltr'>esset</span> <span class='ocrx_word' id='word_1_177' title='bbox 687 2694 820 2754; x_wconf 90' lang='lat' dir='ltr'>liberum</span> <span class='ocrx_word' id='word_1_178' title='bbox 841 2693 931 2754; x_wconf 85' lang='lat' dir='ltr'>vobis</span> <span class='ocrx_word' id='word_1_179' title='bbox 955 2694 1090 2754; x_wconf 84' lang='lat' dir='ltr'>seribere</span> <span class='ocrx_word' id='word_1_180' title='bbox 1114 2713 1194 2772; x_wconf 89' lang='lat' dir='ltr'>quae</span> 
     </span>
    </p>

    <p class='ocr_par' dir='ltr' id='par_1_7' title="bbox 155 2799 1241 3508">
     <span class='ocr_line' id='line_1_23' title="bbox 155 2799 1193 2877; baseline -0.005 -13"><span class='ocrx_word' id='word_1_181' title='bbox 155 2800 353 2864; x_wconf 82' lang='lat' dir='ltr'>olibuisset&#39;</span> <span class='ocrx_word' id='word_1_182' title='bbox 365 2803 381 2859; x_wconf 86' lang='lat'><strong>?</strong></span> <span class='ocrx_word' id='word_1_183' title='bbox 433 2800 586 2876; x_wconf 85' lang='lat' dir='ltr'>Agedum,</span> <span class='ocrx_word' id='word_1_184' title='bbox 616 2800 700 2859; x_wconf 87' lang='lat' dir='ltr'>huno</span> <span class='ocrx_word' id='word_1_185' title='bbox 727 2800 831 2877; x_wconf 91' lang='lat' dir='ltr'>ipsum</span> <span class='ocrx_word' id='word_1_186' title='bbox 858 2799 1046 2858; x_wconf 83' lang='lat' dir='ltr'>Frontinum</span> <span class='ocrx_word' id='word_1_187' title='bbox 1070 2799 1104 2858; x_wconf 95' lang='lat' dir='ltr'>in</span> <span class='ocrx_word' id='word_1_188' title='bbox 1134 2799 1193 2859; x_wconf 87' lang='lat' dir='ltr'>hoo</span> 
     </span>
     <span class='ocr_line' id='line_1_24' title="bbox 190 2904 1191 2984; baseline 0 -20"><span class='ocrx_word' id='word_1_189' title='bbox 190 2906 259 2984; x_wconf 94' lang='lat' dir='ltr'>ipso</span> <span class='ocrx_word' id='word_1_190' title='bbox 273 2906 380 2983; x_wconf 89' lang='lat' dir='ltr'>inquo</span> <span class='ocrx_word' id='word_1_191' title='bbox 395 2905 454 2965; x_wconf 90' lang='lat' dir='ltr'>tibi</span> <span class='ocrx_word' id='word_1_192' title='bbox 475 2905 597 2983; x_wconf 83' lang='lat' dir='ltr'>parcior</span> <span class='ocrx_word' id='word_1_193' title='bbox 612 2904 740 2964; x_wconf 87' lang='lat' dir='ltr'>videtur</span> <span class='ocrx_word' id='word_1_194' title='bbox 762 2910 793 2964; x_wconf 91' lang='lat' dir='ltr'>et</span> <span class='ocrx_word' id='word_1_195' title='bbox 813 2904 949 2982; x_wconf 90' lang='lat' dir='ltr'>pressior</span> <span class='ocrx_word' id='word_1_196' title='bbox 969 2922 1191 2982; x_wconf 87' lang='lat' dir='ltr'>comparemus.</span> 
     </span>
     <span class='ocr_line' id='line_1_25' title="bbox 190 3009 1194 3086; baseline -0.004 -15"><span class='ocrx_word' id='word_1_197' title='bbox 190 3011 300 3071; x_wconf 90' lang='lat' dir='ltr'>Vetuit</span> <span class='ocrx_word' id='word_1_198' title='bbox 328 3011 448 3071; x_wconf 82' lang='lat' dir='ltr'>exstrui</span> <span class='ocrx_word' id='word_1_199' title='bbox 476 3010 720 3069; x_wconf 90' lang='lat' dir='ltr'>monimentum:</span> <span class='ocrx_word' id='word_1_200' title='bbox 753 3009 810 3069; x_wconf 91' lang='lat' dir='ltr'>sed</span> <span class='ocrx_word' id='word_1_201' title='bbox 834 3010 946 3086; x_wconf 89' lang='lat' dir='ltr'>quibus</span> <span class='ocrx_word' id='word_1_202' title='bbox 972 3009 1103 3069; x_wconf 85' lang='lat' dir='ltr'>verbis?</span> <span class='ocrx_word' id='word_1_203' title='bbox 1135 3009 1194 3067; x_wconf 86' lang='lat' dir='ltr'>‘in-</span> 
     </span>
     <span class='ocr_line' id='line_1_26' title="bbox 190 3113 1241 3194; baseline 0.003 -19"><span class='ocrx_word' id='word_1_204' title='bbox 190 3135 287 3193; x_wconf 88' lang='lat' dir='ltr'>pensa</span> <span class='ocrx_word' id='word_1_205' title='bbox 303 3115 498 3176; x_wconf 90' lang='lat' dir='ltr'>monumenti</span> <span class='ocrx_word' id='word_1_206' title='bbox 520 3134 713 3194; x_wconf 81' lang='lat' dir='ltr'>supervaoua</span> <span class='ocrx_word' id='word_1_207' title='bbox 726 3120 791 3174; x_wconf 89' lang='lat' dir='ltr'>est:</span> <span class='ocrx_word' id='word_1_208' title='bbox 814 3113 965 3173; x_wconf 87' lang='lat' dir='ltr'>memoria</span> <span class='ocrx_word' id='word_1_209' title='bbox 984 3113 1084 3173; x_wconf 91' lang='lat' dir='ltr'>nostri</span> <span class='ocrx_word' id='word_1_210' title='bbox 1104 3113 1194 3173; x_wconf 78' lang='lat' dir='ltr'>dura-</span> <span class='ocrx_word' id='word_1_211' title='bbox 1212 3132 1241 3178; x_wconf 76' lang='grc'>10</span> 
     </span>
     <span class='ocr_line' id='line_1_27' title="bbox 189 3218 1193 3296; baseline -0.003 -16"><span class='ocrx_word' id='word_1_212' title='bbox 189 3221 245 3295; x_wconf 91' lang='lat' dir='ltr'>bit,</span> <span class='ocrx_word' id='word_1_213' title='bbox 275 3221 303 3281; x_wconf 89' lang='lat' dir='ltr'>si</span> <span class='ocrx_word' id='word_1_214' title='bbox 330 3221 398 3281; x_wconf 87' lang='lat' dir='ltr'>vita</span> <span class='ocrx_word' id='word_1_215' title='bbox 424 3220 615 3280; x_wconf 66' lang='lat' dir='ltr'>meruimus!</span> <span class='ocrx_word' id='word_1_216' title='bbox 656 3220 709 3279; x_wconf 91' lang='lat' dir='ltr'>An</span> <span class='ocrx_word' id='word_1_217' title='bbox 743 3219 918 3280; x_wconf 82' lang='lat' dir='ltr'>restrictius</span> <span class='ocrx_word' id='word_1_218' title='bbox 948 3218 1110 3279; x_wconf 88' lang='lat' dir='ltr'>arbitraris</span> <span class='ocrx_word' id='word_1_219' title='bbox 1137 3237 1193 3296; x_wconf 90' lang='lat' dir='ltr'>per</span> 
     </span>
     <span class='ocr_line' id='line_1_28' title="bbox 190 3321 1192 3402; baseline -0.002 -17"><span class='ocrx_word' id='word_1_220' title='bbox 190 3327 295 3386; x_wconf 89' lang='lat' dir='ltr'>orbem</span> <span class='ocrx_word' id='word_1_221' title='bbox 322 3333 475 3386; x_wconf 87' lang='lat' dir='ltr'>terrarum</span> <span class='ocrx_word' id='word_1_222' title='bbox 503 3324 669 3402; x_wconf 83' lang='lat' dir='ltr'>legendum</span> <span class='ocrx_word' id='word_1_223' title='bbox 698 3325 772 3384; x_wconf 88' lang='lat' dir='ltr'>dare</span> <span class='ocrx_word' id='word_1_224' title='bbox 801 3325 983 3383; x_wconf 88' lang='lat' dir='ltr'>duraturam</span> <span class='ocrx_word' id='word_1_225' title='bbox 1009 3321 1192 3383; x_wconf 87' lang='lat' dir='ltr'>memoriam</span> 
     </span>
     <span class='ocr_line' id='line_1_29' title="bbox 190 3427 1193 3508; baseline -0.004 -18"><span class='ocrx_word' id='word_1_226' title='bbox 190 3450 277 3491; x_wconf 90' lang='lat' dir='ltr'>suam</span> <span class='ocrx_word' id='word_1_227' title='bbox 293 3450 385 3508; x_wconf 90' lang='lat' dir='ltr'>quam</span> <span class='ocrx_word' id='word_1_228' title='bbox 407 3449 470 3490; x_wconf 90' lang='lat' dir='ltr'>uno</span> <span class='ocrx_word' id='word_1_229' title='bbox 490 3429 523 3488; x_wconf 93' lang='lat' dir='ltr'>in</span> <span class='ocrx_word' id='word_1_230' title='bbox 546 3430 613 3489; x_wconf 87' lang='lat' dir='ltr'>loeo</span> <span class='ocrx_word' id='word_1_231' title='bbox 634 3429 754 3489; x_wconf 92' lang='lat' dir='ltr'>duobus</span> <span class='ocrx_word' id='word_1_232' title='bbox 776 3428 941 3489; x_wconf 86' lang='lat' dir='ltr'>versieulis</span> <span class='ocrx_word' id='word_1_233' title='bbox 963 3427 1087 3504; x_wconf 87' lang='lat' dir='ltr'>signare</span> <span class='ocrx_word' id='word_1_234' title='bbox 1108 3427 1193 3505; x_wconf 93' lang='lat' dir='ltr'>quod</span> 
     </span>
    </p>

    <p class='ocr_par' dir='ltr' id='par_1_8' title="bbox 158 3532 1241 3821">
     <span class='ocr_line' id='line_1_30' title="bbox 158 3532 1193 3612; baseline 0.003 -23"><span class='ocrx_word' id='word_1_235' title='bbox 158 3544 169 3589; x_wconf 77' lang='lat' dir='ltr'>t</span> <span class='ocrx_word' id='word_1_236' title='bbox 189 3535 328 3595; x_wconf 80' lang='lat' dir='ltr'>feceris?</span> <span class='ocrx_word' id='word_1_237' title='bbox 370 3536 564 3612; x_wconf 81' lang='lat' dir='ltr'>Quamquam</span> <span class='ocrx_word' id='word_1_238' title='bbox 579 3553 642 3593; x_wconf 92' lang='lat' dir='ltr'>non</span> <span class='ocrx_word' id='word_1_239' title='bbox 655 3533 755 3593; x_wconf 90' lang='lat' dir='ltr'>habeo</span> <span class='ocrx_word' id='word_1_240' title='bbox 770 3532 965 3611; x_wconf 91' lang='lat' dir='ltr'>propositum</span> <span class='ocrx_word' id='word_1_241' title='bbox 982 3532 1073 3591; x_wconf 86' lang='lat' dir='ltr'>illum</span> <span class='ocrx_word' id='word_1_242' title='bbox 1092 3551 1193 3610; x_wconf 88' lang='lat' dir='ltr'>repre-</span> 
     </span>
     <span class='ocr_line' id='line_1_31' title="bbox 189 3636 1241 3715; baseline -0.002 -16"><span class='ocrx_word' id='word_1_243' title='bbox 189 3640 358 3715; x_wconf 88' lang='lat' dir='ltr'>hendendi,</span> <span class='ocrx_word' id='word_1_244' title='bbox 380 3639 436 3699; x_wconf 92' lang='lat' dir='ltr'>sed</span> <span class='ocrx_word' id='word_1_245' title='bbox 456 3640 540 3698; x_wconf 88' lang='lat' dir='ltr'>huno</span> <span class='ocrx_word' id='word_1_246' title='bbox 561 3638 688 3698; x_wconf 86' lang='lat' dir='ltr'>tuendi:</span> <span class='ocrx_word' id='word_1_247' title='bbox 718 3637 807 3698; x_wconf 91' lang='lat' dir='ltr'>ouius</span> <span class='ocrx_word' id='word_1_248' title='bbox 828 3655 907 3714; x_wconf 90' lang='lat' dir='ltr'>quae</span> <span class='ocrx_word' id='word_1_249' title='bbox 929 3642 1033 3714; x_wconf 88' lang='lat' dir='ltr'>potest</span> <span class='ocrx_word' id='word_1_250' title='bbox 1054 3636 1138 3715; x_wconf 91' lang='lat' dir='ltr'>apud</span> <span class='ocrx_word' id='word_1_251' title='bbox 1159 3643 1192 3697; x_wconf 89' lang='lat' dir='ltr'>te</span> <span class='ocrx_word' id='word_1_252' title='bbox 1211 3656 1241 3703; x_wconf 79' lang='lat' dir='ltr'>so</span> 
     </span>
     <span class='ocr_line' id='line_1_32' title="bbox 190 3741 1193 3821; baseline -0.002 -17"><span class='ocrx_word' id='word_1_253' title='bbox 190 3745 302 3806; x_wconf 88' lang='lat' dir='ltr'>iustior</span> <span class='ocrx_word' id='word_1_254' title='bbox 316 3763 383 3806; x_wconf 91' lang='lat' dir='ltr'>esse</span> <span class='ocrx_word' id='word_1_255' title='bbox 398 3743 549 3820; x_wconf 88' lang='lat' dir='ltr'>defensio,</span> <span class='ocrx_word' id='word_1_256' title='bbox 565 3761 658 3820; x_wconf 90' lang='lat' dir='ltr'>quam</span> <span class='ocrx_word' id='word_1_257' title='bbox 673 3761 712 3802; x_wconf 85' lang='lat' dir='ltr'>ex</span> <span class='ocrx_word' id='word_1_258' title='bbox 727 3741 903 3813; x_wconf 82' lang='lat' dir='ltr'>conlatione</span> <span class='ocrx_word' id='word_1_259' title='bbox 917 3741 985 3816; x_wconf 79' lang='lat' dir='ltr'>eius</span> <span class='ocrx_word' id='word_1_260' title='bbox 1000 3760 1093 3819; x_wconf 88' lang='lat' dir='ltr'>quem</span> <span class='ocrx_word' id='word_1_261' title='bbox 1107 3759 1193 3821; x_wconf 89' lang='lat' dir='ltr'>prae·</span> 
     </span>
    </p>
   </div>
   <div class='ocr_carea' id='block_1_4' title="bbox 0 0 1396 4164">
    <p class='ocr_par' dir='ltr' id='par_1_9' title="bbox 0 0 1396 4164">
     <span class='ocr_line' id='line_1_33' title="bbox 0 0 1396 4164; baseline 0 0"><span class='ocrx_word' id='word_1_262' title='bbox 0 0 1396 4164; x_wconf 95' lang='lat' dir='ltr'> </span> 
     </span>
    </p>
   </div>
  </div>
 </body>
</html>
