2782 4164
534 822 677 887 ninus
708 821 932 902 QUINTUS.

644 1059 697 1121 ss.
727 1056 781 1138 (Ι.)

387 1217 417 1270 0.
443 1216 588 1267 PLINIUS
610 1216 725 1266 ANNIO
749 1216 892 1267 SEVERO
916 1215 984 1267 SUO
1007 1215 1033 1267 S.

448 1364 513 1426 Why
525 1364 608 1425 Pliny
619 1377 674 1413 was
684 1364 774 1425 proed
787 1364 819 1426 os
828 1364 871 1413 his
884 1365 982 1427 leqocy.

252 1509 406 1586 Legatum
416 1508 495 1568 mihi
505 1507 633 1567 obvenit
644 1507 801 1566 modicum
814 1509 868 1567 sed
878 1509 1074 1587 amplissimo
1085 1511 1215 1586 gratius.
1237 1516 1251 1562 1

212 1616 275 1677 Cur
286 1614 480 1691 amplissimo
493 1613 636 1688 gratius?
658 1612 833 1690 Pomponia
844 1612 938 1673 Galla
948 1613 1138 1675 exheredato
1149 1615 1217 1676 fflio

211 1720 334 1780 Asudio
343 1719 478 1780 Curiano
489 1717 637 1776 heredem
651 1716 822 1794 reliquerat
836 1736 894 1791 me,
907 1718 1036 1778 dederat
1046 1720 1216 1781 coheredes

214 1824 386 1885 Sertorium
406 1825 564 1897 Severum,
583 1822 774 1899 praetorium
791 1822 903 1897 virum,
920 1822 1062 1901 aliosque
1081 1826 1218 1902 splendi-

178 1941 193 1987 0
212 1931 269 1990 dos
286 1928 409 2010 equites
428 1929 595 1987 Romanos.
639 1927 794 1987 Curianus
811 1928 920 1986 orabat
937 1933 971 1986 ut
989 1929 1050 1989 sibi
1067 1930 1217 1990 donarem
1237 1939 1253 1985 a

212 2034 389 2113 portionem
415 2051 517 2091 meam
546 2050 640 2108 seque
671 2031 863 2108 praeiudicio
893 2032 1050 2109 iuvarem;
1085 2035 1216 2094 eandem

212 2139 311 2199 tacita
324 2137 531 2196 conventione
546 2136 665 2195 salvam
684 2135 763 2194 mihi
779 2134 993 2212 pollicebatur.
1037 2139 1218 2217 Responde·
1237 2148 1253 2193 3

212 2245 284 2310 bam
299 2262 361 2302 non
376 2241 541 2302 convenire
556 2240 693 2300 moribus
708 2241 786 2300 meis
804 2241 891 2300 aliud
905 2242 1010 2319 palam
1024 2243 1111 2303 aliud
1127 2263 1218 2320 agere

214 2354 341 2422 secreto,
354 2353 516 2425 praeterea
529 2364 591 2404 non
606 2363 673 2405 esse
689 2345 766 2405 satis
781 2345 948 2406 honestum
960 2348 1076 2408 donare
1091 2355 1123 2408 et
1136 2349 1219 2409 locu-

165 2469 194 2516 10
213 2454 293 2532 pleti
307 2458 340 2512 et
354 2453 437 2526 orbo,
453 2451 487 2509 in
504 2469 634 2524 summa,
649 2469 713 2508 non
727 2451 927 2527 profuturum
942 2453 980 2529 ei,
996 2453 1022 2512 si
1043 2453 1217 2530 donassem,

213 2559 423 2637 profuturum,
440 2556 467 2615 si
481 2555 654 2628 cessissem,
670 2573 737 2615 esse
752 2561 857 2614 autem
875 2574 925 2614 me
939 2562 1084 2634 paratum
1098 2559 1217 2634 cedere,

214 2663 242 2724 si
258 2663 366 2739 inique
384 2662 609 2721 exheredatum
630 2661 709 2719 mihi
728 2660 872 2738 liqueret.
916 2663 968 2720 Ad
982 2662 1041 2722 hoc
1055 2663 1111 2723 ille
1127 2668 1218 2740 ‘rogo
1238 2677 1254 2722 4

213 2768 400 2844 cognoscas.²
443 2767 615 2826 Cunctatus
630 2766 758 2844 paulum
771 2771 779 2802 ‘
788 2767 918 2826 faciam'
933 2767 1076 2844 inquam:
1101 2773 1218 2846 ‘neque

214 2874 298 2933 enim
313 2873 405 2931 video
420 2890 474 2930 cur
489 2871 557 2948 ipse
571 2889 620 2930 me
631 2871 783 2930 minorem
797 2877 906 2948 putem
917 2891 1010 2949 quam
1025 2873 1085 2932 tibi
1099 2873 1217 2933 videor.

165 2961 193 3036 io
215 2979 275 3038 Sed
290 2979 354 3038 iam
369 2997 451 3037 nunc
463 2983 618 3036 memento
632 2995 695 3035 nou
707 2977 887 3035 defuturam
902 2976 980 3035 mihi
996 2979 1217 3054 constantiam,

214 3084 241 3144 si
252 3085 298 3144 ita
309 3084 387 3144 fides
400 3083 536 3155 duxerit,
546 3083 715 3142 secuudum
730 3088 861 3141 matrem
874 3088 959 3141 tuam
972 3083 1218 3159 pronuntiandi!

214 3191 279 3250 ‘Ut
300 3189 403 3248 voles’
422 3188 484 3247 ait:
508 3187 610 3246 ‘voles
629 3187 712 3245 enim
732 3187 815 3263 quod
836 3187 1079 3263 aequissimum!
1121 3187 1220 3248 Adhi-
1239 3198 1255 3243 5

213 3293 267 3353 bui
287 3294 321 3353 in
340 3293 507 3353 consilium
527 3293 603 3351 duos
619 3310 696 3368 quos
715 3296 790 3351 tunc
805 3292 918 3351 civitas
936 3298 1043 3352 nostra
1058 3293 1220 3370 spectatis

214 3399 309 3459 simos
324 3399 444 3471 habuit,
461 3397 631 3458 Corellium
646 3403 678 3456 et
691 3397 887 3456 Frontinum.
930 3398 992 3456 His
1008 3397 1220 3459 circumdatus

164 3513 194 3558 ao
213 3504 248 3562 in
264 3503 406 3563 cubiculo
423 3521 491 3562 meo
513 3503 588 3562 sedi.
632 3502 724 3561 Dixit
738 3503 892 3563 Curianus
912 3521 991 3579 quae
1010 3521 1067 3580 pro
1085 3521 1118 3562 se
1132 3510 1221 3580 puta
1240 3513 1256 3558 6

213 3608 276 3668 bat.
318 3607 479 3684 Respondi
499 3607 607 3684 paucis
623 3625 696 3682 ego;
718 3606 918 3684 nequeenim
938 3607 1047 3666 aderat
1066 3607 1148 3668 alius
1165 3609 1221 3684 qui

213 3713 382 3772 defunctae
397 3712 548 3789 pudorem
563 3716 720 3771 tueretur:
743 3710 857 3770 deinde
869 3711 984 3771 secessi
995 3717 1027 3771 et
1041 3730 1081 3771 ex
1094 3711 1222 3772 consilii
