2782 4164
205 296 268 364 114
630 316 661 368 c.
681 315 784 366 rnnu

204 483 335 546 tulisti?
377 487 451 546 Meo
464 486 593 565 quidem
613 486 730 547 iudicio
751 491 862 548 neuter
876 485 1060 566 culpandus,
1076 506 1207 564 quorum
1228 497 1243 543 e

181 594 335 667 ’uterque
355 591 396 652 ad
416 591 548 668 gloriam
568 591 639 671 pari
659 592 842 670 cupiditate,
860 592 984 653 diverso
1005 592 1118 652 itinere
1139 610 1208 652 con-

203 694 317 771 tendit,
344 697 433 772 alter,
462 697 537 757 dum
565 697 687 775 expetit
714 697 837 758 debitos
865 697 985 774 titulos,
1014 696 1103 774 alter,
1132 697 1207 757 dum
1299 776 1303 783 .

204 801 326 861 maurit
338 801 441 862 videri
455 803 688 881 contempsisse.
730 801 818 864 Vale.

602 1075 656 1137 es.
684 1071 803 1155 (xm.)

423 1242 453 1293 C.
476 1242 620 1294 PLINIUS
644 1242 843 1293 SABINIANO
867 1242 936 1294 SUO
959 1242 987 1294 S.

430 1391 607 1441 Intercecsion
613 1391 663 1454 sor
674 1392 821 1452 apenuac
826 1391 978 1454 freedmaa.

167 1545 183 1590 c
243 1535 389 1595 Libertus
410 1540 492 1610 tuus,
510 1535 561 1594 cui
582 1553 762 1596 suscensere
782 1541 815 1595 te
836 1535 971 1611 dixeras,
985 1536 1074 1595 venit
1094 1536 1136 1596 ad
1156 1555 1206 1596 me
1227 1549 1240 1594 1

202 1639 432 1716 advolutusque
447 1641 579 1718 pedibus
594 1640 672 1700 meis
687 1647 848 1717 tamquam
862 1640 925 1701 tuis
944 1640 1059 1712 haesit,
1099 1639 1206 1701 Flevit

202 1745 347 1819 multum,
358 1745 495 1804 multum
505 1745 636 1821 rogavit,
648 1744 784 1805 multum
795 1745 891 1806 etiarn
904 1746 1013 1820 tacuit,
1025 1745 1060 1805 in
1074 1764 1205 1822 summa,

202 1851 280 1910 fecit
299 1850 379 1909 mihi
403 1849 497 1909 fidem
518 1850 737 1927 paenitentiae.
781 1852 862 1912 Vere
883 1850 975 1910 credo
995 1851 1205 1925 emendatum,

156 1981 160 1988 ·
203 1956 277 2032 quia
300 1955 472 2032 deliquisse
496 1972 529 2014 se
557 1955 663 2014 sentit.
720 1955 880 2029 Irasceris,
905 1955 978 2030 seio,
1003 1961 1035 2015 et
1061 1955 1241 2017 irascerisa

154 2073 183 2119 10
202 2061 322 2135 merito,
337 2060 372 2119 id
386 2079 509 2137 quoque
531 2060 610 2119 scio:
633 2060 689 2120 sed
709 2066 785 2120 tunc
806 2060 974 2138 praecipua
994 2060 1206 2121 mansuetudi-

202 2165 252 2226 nis
268 2165 345 2240 laus,
357 2183 428 2224 cum
442 2165 507 2224 irae
518 2183 612 2225 causa
622 2165 797 2225 iustissima
807 2171 864 2226 est.
906 2165 1031 2225 Amasti
1045 2165 1205 2225 hominem
1225 2180 1241 2226 3

202 2275 244 2344 et,
267 2288 366 2348 spero,
387 2270 522 2330 amabis:
556 2270 680 2329 interim
708 2269 823 2330 sufficit
846 2275 883 2329 ut
906 2270 1028 2331 exorari
1050 2275 1083 2330 te
1108 2270 1203 2332 sinas.

203 2376 325 2435 Licebit
341 2395 448 2435 rursus
470 2375 572 2449 irasci,
588 2376 616 2434 si
636 2376 794 2449 meruerit,
810 2377 894 2453 quod
914 2382 1059 2437 exoratus
1080 2395 1206 2437 excusa

202 2480 266 2540 tius
280 2480 387 2540 facies.
430 2479 570 2539 Remitte
583 2480 706 2556 aliquid
718 2479 948 2542 adulescentiae
957 2480 1067 2559 ipsius,
1079 2480 1205 2542 remitte

154 2597 182 2642 15
202 2585 350 2659 lacrimis,
365 2585 490 2644 remitte
505 2584 719 2660 indulgentiae
734 2592 825 2645 tuae:
847 2605 887 2645 ne
901 2587 1030 2647 torseris
1049 2586 1149 2661 illum,
1164 2605 1204 2646 ne

201 2689 331 2750 torseris
345 2689 440 2749 etiam
454 2694 494 2748 te.
522 2690 705 2766 ·T0rqueris
721 2691 813 2764 enim,
829 2709 899 2750 cum
915 2697 981 2751 tam
998 2692 1079 2752 lenis
1095 2691 1205 2752 irasce·
1223 2705 1239 2749 4

202 2797 255 2856 ris.
296 2796 413 2857 Vereor
427 2814 465 2854 ne
480 2795 589 2854 videar
603 2813 665 2854 non
679 2814 787 2871 rogare
802 2796 858 2856 sed
878 2815 995 2872 eogere,
1011 2797 1038 2857 si
1059 2797 1204 2875 precibus

201 2902 269 2962 eius
284 2919 369 2961 meas
384 2901 522 2960 irmxero.
565 2900 698 2976 Iungam
713 2907 818 2960 tamen
833 2907 922 2961 tanto
936 2901 1059 2980 plenius
1077 2908 1109 2962 et
1129 2903 1204 2962 effu-

202 3007 277 3081 sius,
292 3011 410 3083 quanto
426 3006 531 3083 ipsum
552 3006 654 3065 acrius
676 3006 875 3082 severiusque
897 3007 1042 3085 corripui,
1055 3007 1204 3068 destricte

152 3124 183 3169 ao
201 3111 339 3171 minatus
354 3128 524 3187 numquam
539 3129 588 3169 me
603 3117 712 3186 postea
726 3116 913 3186 rogaturum.
957 3112 1026 3170 Hoc
1041 3112 1099 3185 illi,
1111 3132 1204 3189 quem

201 3216 312 3275 terreri
333 3215 505 3293 oportebat,
527 3215 585 3274 tibi
608 3234 670 3275 non
691 3216 783 3275 idem.
826 3216 910 3276 Nam
930 3216 1066 3277 fortasse
1088 3217 1204 3277 iterum

201 3321 325 3397 rogabo,
346 3320 520 3398 impetrabo
541 3320 671 3379 iterum:
698 3320 740 3380 sit
761 3321 853 3380 modo
872 3320 936 3381 tale
957 3328 994 3380 ut
1014 3340 1122 3397 rogare
1143 3341 1203 3396 me,

200 3431 237 3485 ut
250 3430 410 3503 praestare
423 3429 455 3484 te
469 3424 584 3484 deceat
627 3424 714 3484 Vale.
