2782 4164
508 321 771 374 urrsrumauu
794 322 872 374 vni
893 323 933 375 11.
1156 312 1219 380 107

216 492 325 552 videri.
367 493 484 565 Quian
497 493 603 570 magni
622 494 841 572 sapientesque
863 495 927 555 sint
947 495 1062 572 neseio,
1076 496 1219 558 homines

180 613 196 657 4
215 616 279 657 non
294 603 375 658 sunt.
417 598 566 659 Hominis
585 605 633 661 est
647 599 731 658 enim
745 599 840 659 adfini
858 599 973 676 dolore,
989 601 1114 677 sentire,
1129 602 1220 663 resis-

216 708 282 762 tere
303 708 409 763 tamen
429 709 462 763 et
483 703 600 764 solacia
618 704 794 779 admittere,
811 723 875 764 non
896 704 1020 767 solaciis
1041 725 1103 765 non
1118 725 1216 782 egere.
1320 782 1326 789 ,

180 816 195 862 5
215 809 332 869 Verum
356 808 395 867 de
419 807 470 867 his
494 807 586 886 plura
606 809 741 870 fortasse
763 827 856 887 quam
877 810 980 884 debui,
996 810 1051 870 sed
1071 811 1219 889 pauciora

215 932 309 990 quam
324 911 418 972 volui.
461 913 520 973 Est
541 913 625 973 enim
640 914 793 991 quaedam
808 914 904 974 etiarn
919 914 1046 975 dolendi
1061 915 1216 994 voluptas,
1237 930 1252 976 t

215 1017 399 1094 praesertim
421 1017 448 1078 si
469 1017 503 1076 in
524 1017 617 1078 amici
639 1018 711 1079 sinu
731 1018 856 1095 defleas,
871 1020 956 1097 apud
970 1038 1063 1097 quem
1078 1018 1217 1081 lacrimis

214 1122 279 1183 tuis
293 1121 345 1183 vel
359 1122 429 1184 laus
444 1123 486 1184 sit
499 1129 612 1202 parata
625 1122 676 1183 vel
691 1124 791 1185 venia
834 1123 922 1186 Vale.

605 1389 658 1452 aa
687 1386 823 1469 (xvn.)

450 1557 481 1609 0.
500 1557 645 1608 PLINIUS
668 1557 837 1608 MACRINO
861 1557 929 1609 SUO
952 1557 979 1610 S.

559 1715 667 1778 Aflood
678 1730 714 1765 oa
726 1717 767 1766 tte
785 1716 871 1767 Tiber.

180 1871 193 1917 1
253 1861 339 1920 Num
360 1860 432 1921 istie
454 1878 577 1938 quoque
598 1860 709 1920 inmite
730 1867 763 1920 et
783 1861 944 1921 turbidum
965 1861 1112 1922 eaelum?
1153 1862 1217 1923 Hie

214 1966 362 2026 adsiduae
377 1972 581 2043 tempestates
600 1971 632 2025 et
651 1966 759 2026 erebra
777 1965 905 2025 diluvia.
948 1966 1071 2027 TiberIs
1092 1967 1217 2028 alveum

178 2080 194 2125 a
213 2070 349 2130 excessit
359 2077 391 2130 et
403 2070 638 2131 demIssioribus
653 2070 730 2148 ripis
742 2070 805 2130 alte
817 2071 1065 2148 superfunditur.
1108 2073 1218 2143 Quam-
1238 2083 1266 2130 10

214 2195 307 2252 quam
329 2176 415 2236 fossa
436 2196 527 2253 quarn
550 2175 846 2255 providentissimus
874 2177 1045 2254 imperator
1066 2176 1144 2237 feeit
1167 2196 1218 2236 ex-

213 2280 355 2355 haustus,
376 2281 491 2358 premit
512 2280 620 2355 valles,
642 2280 765 2340 innatat
785 2281 912 2358 eampis,
938 2300 1061 2358 quaque
1088 2282 1215 2359 planum

215 2386 324 2460 solum,
339 2405 396 2462 pro
417 2385 483 2446 solo
503 2386 649 2445 cernitur.
691 2386 772 2444 Inde
793 2403 872 2462 quae
894 2385 974 2445 solet
991 2385 1122 2447 flumina
1142 2388 1218 2447 anei·

214 2510 288 2568 pere
316 2498 347 2550 et
374 2492 531 2568 permixta
558 2490 711 2550 devehere
733 2490 822 2550 velut
850 2490 961 2550 obvius
986 2482 1096 2552 sistere
1124 2493 1216 2570 cogit,

215 2602 308 2674 atque
322 2597 368 2656 ita
382 2597 493 2656 alienis
508 2596 598 2673 aquis
613 2595 714 2673 operit
729 2614 819 2671 agros
837 2615 914 2673 quos
933 2595 1001 2674 ipse
1021 2616 1083 2655 non
1104 2598 1215 2674 tangit.
1238 2609 1266 2655 15

179 2717 194 2763 3
213 2701 305 2776 Anio,
322 2700 564 2763 delicatissimus
582 2701 721 2761 amnium
741 2700 873 2778 ideoque
894 2700 1109 2762 adiacentibus
1130 2702 1217 2763 villis

213 2805 302 2866 velut
322 2806 475 2866 invitatus
498 2812 708 2883 retentusque,
724 2824 838 2881 magna
856 2824 895 2864 ex
908 2812 998 2883 parte
1012 2825 1140 2867 nemora
1153 2807 1218 2885 qui·

213 2912 272 2972 bus
293 2911 489 2972 inumbratur
503 2911 600 2988 fregit
618 2917 649 2970 et
668 2910 791 2988 rapuit:
814 2911 938 2971 subruit
956 2918 1077 2974 montes
1092 2918 1124 2972 et
1138 2913 1218 2973 deei-

215 3017 357 3076 dentium
378 3018 459 3076 mole
480 3017 624 3094 pluribus
644 3015 721 3076 loeis
742 3015 875 3091 clausus,
891 3015 967 3075 dum
988 3017 1136 3078 amissum
1157 3018 1218 3078 iter

215 3122 345 3198 quaerit,
371 3121 499 3199 impulit
523 3127 608 3181 tecta
632 3139 667 3180 ae
692 3139 725 3181 se
750 3139 843 3198 super
871 3120 976 3182 ruinas
1003 3121 1096 3181 eiecit
1122 3128 1217 3200 atque
1237 3131 1267 3177 ao

179 3246 194 3289 4
215 3227 337 3286 extulit.
380 3227 537 3287 Viderunt
547 3245 624 3304 quos
637 3225 858 3286 excelsioribus
869 3225 962 3285 terris
975 3225 1033 3286 illa
1046 3232 1217 3304 tempestas

215 3330 421 3408 deprehendit
436 3331 511 3390 alibi
526 3331 661 3390 divitum
676 3335 844 3408 apparatus
855 3335 888 3389 et
902 3349 1026 3406 gravem
1043 3331 1218 3408 supelleetia

215 3434 286 3510 lem,
302 3436 378 3495 alibi
393 3436 603 3496 instrumenta
616 3435 707 3509 ruris,
719 3434 765 3494 ibi
778 3435 873 3494 boves
887 3440 992 3496 aratra
1005 3442 1150 3512 rectores,
1165 3436 1217 3496 hie

216 3540 319 3600 soluta
333 3546 364 3599 et
379 3540 479 3600 libera
490 3546 638 3614 armenta,
649 3545 744 3616 atque
755 3539 838 3599 inter
849 3538 925 3599 haee
936 3540 1081 3600 arborum
1091 3546 1218 3602 truncos

180 3662 195 3707 5
215 3650 270 3704 aut
291 3644 437 3704 villarum
453 3645 567 3720 trabes,
583 3645 668 3704 varie
683 3644 808 3721 lateque
822 3643 989 3704 fluitantia
1033 3646 1080 3704 Aa
1101 3664 1140 3705 ne
1161 3645 1219 3706 illa
1237 3659 1266 3705 ru

215 3748 342 3826 quidem
356 3749 439 3810 malo
453 3755 643 3810 vacaverunt
657 3767 736 3826 quae
750 3767 814 3807 non
827 3748 969 3810 aseendit
983 3749 1093 3810 amnis.
1135 3751 1218 3811 Nam
