2782 4164
496 310 760 362 nrrsruuseuu
783 309 847 362 vu
866 311 906 362 re.
1161 300 1203 365 95

199 502 270 544 rum
283 501 376 544 curae
388 484 612 562 custodiaeque
625 483 823 544 mandentur.
865 483 933 554 Quo
944 501 1072 543 munere
1082 482 1204 544 Fannia

162 607 180 653 a
199 588 275 648 dum
290 587 400 649 sedulo
413 589 567 666 fungitur,
582 588 640 648 hoe
658 588 839 648 discrimine
860 587 1005 666 inplicita
1024 594 1081 649 est.
1124 588 1204 648 Insi-

199 693 277 754 dent
290 693 405 769 febres,
416 693 514 754 tussis
529 693 684 769 increscit,
697 712 819 754 summa
832 693 956 768 macies,
969 712 1091 753 summa
1103 693 1203 753 defec·

197 798 262 859 tio:
291 798 415 859 animus
434 805 559 859 tantum
587 804 619 858 et
646 798 777 876 spiritus
799 798 885 874 viget
908 798 1059 858 Helvidio
1079 799 1202 874 marito,

198 901 339 964 Thrasea
354 908 443 982 patre
460 903 682 980 dignissimum
704 903 826 981 reliqua
840 903 988 963 labuntur
1008 922 1119 981 meque
1140 921 1203 962 non
1221 914 1236 960 5

161 1021 179 1067 4
198 1015 287 1068 metu
299 1013 423 1069 tantum
437 1027 546 1068 verum
560 1008 655 1069 etiam
671 1008 776 1068 dolore
790 1007 967 1068 conficiunt.
1009 1008 1108 1068 Doleo
1119 1008 1202 1067 enim

199 1112 351 1173 feminam
366 1113 534 1174 maximam
549 1113 629 1191 eripi
643 1113 741 1174 oculis
755 1113 904 1187 civitatis,
916 1112 1020 1172 nescio
1031 1131 1071 1172 an
1082 1113 1202 1190 aliquid

200 1216 304 1279 simile
319 1218 442 1279 visuris.
485 1219 571 1288 Quae
582 1218 711 1278 castitas
722 1218 787 1278 11111
808 1236 886 1295 quae
898 1218 1066 1278 sanctitasl
1084 1225 1203 1296 quanta

199 1324 357 1400 gravitas!
379 1329 497 1401 quanta
510 1323 703 1383 constantia!
746 1322 801 1382 Bis
823 1323 969 1382 maritum
987 1329 1094 1383 secuta
1106 1323 1140 1382 in
1153 1342 1203 1383 ex-

163 1445 180 1492 0
200 1426 308 1489 silium
329 1433 386 1503 est,
402 1428 496 1487 tertio
516 1428 586 1506 ipsa
609 1433 737 1505 propter
759 1426 906 1486 maritum
931 1428 1077 1503 relegata.
1118 1428 1202 1488 Nam
1222 1441 1250 1488 10

198 1550 272 1593 eum
286 1532 415 1594 Senecio
436 1550 506 1592 reus
528 1537 619 1606 esset,
634 1531 718 1609 quod
732 1531 770 1590 de
786 1531 853 1591 vita
866 1532 998 1592 Helvidi
1014 1532 1110 1593 libros
1124 1551 1203 1592 eom-

199 1637 366 1716 posuisset,
381 1644 584 1714 rogatumque
600 1655 633 1697 se
647 1655 666 1696 a
680 1637 801 1696 Fannia
815 1636 848 1695 in
863 1636 1044 1696 defensione
1059 1637 1201 1713 dixisset,

200 1748 369 1820 quaerente
396 1742 561 1802 minaciter
585 1741 684 1801 Metio
705 1742 785 1801 Caro
814 1760 854 1800 an
881 1747 1021 1817 rogasset
1042 1743 1203 1820 respondit

201 1846 346 1923 ‘rogavi’
367 1866 409 1907 an
430 1846 668 1906 commentarios
690 1847 845 1923 scripturo
866 1846 1014 1921 dedisset,
1034 1847 1142 1922 ‘dedi'
1162 1866 1203 1907 an

200 1951 319 2011 sciente
340 1957 448 2026 matre,
472 1951 682 2026 ‘nesciente'3
711 1956 868 2028 postremo
889 1952 1008 2011 nullam
1030 1971 1136 2011 vocem
1158 1972 1203 2012 ce·
1222 1970 1250 2015 15

163 2056 326 2121 edentem
353 2056 493 2134 periculo
520 2055 634 2116 emisit.
677 2055 760 2126 Quin
781 2056 876 2115 etiam
897 2056 968 2116 illos
990 2057 1074 2134 ipsos
1095 2057 1201 2133 libros,

200 2179 388 2239 quamquam
416 2180 455 2220 ex
482 2161 668 2221 necessitate
695 2165 728 2220 et
755 2166 839 2220 metu
866 2166 1041 2238 temporum
1069 2162 1201 2223 abolitos

201 2272 327 2326 senatus
348 2266 499 2339 consulto,
521 2265 690 2343 publicatis
711 2265 801 2325 bonis
823 2267 961 2326 servavit
982 2266 1101 2343 habuit,
1117 2268 1203 2328 tulit-

163 2388 261 2449 rque
276 2363 317 2430 'in
338 2371 485 2431 exsilium
502 2371 607 2430 exsilii
628 2389 760 2431 causam.
803 2370 922 2429 Eadem
943 2390 1037 2448 quarn
1057 2371 1200 2448 iucunda,
1235 2434 1238 2439 Δ

200 2493 293 2552 quem
309 2475 415 2550 comis,
430 2494 522 2552 quam
545 2475 689 2552 denique,
704 2474 788 2552 quod
808 2475 916 2551 paucis
938 2475 1046 2536 datum
1067 2483 1124 2551 est,
1138 2496 1201 2536 non
1220 2497 1251 2542 1ο

200 2578 304 2640 minus
332 2579 476 2640 amabilis
497 2598 590 2658 quam
611 2580 804 2643 veneranda!
846 2579 957 2639 Eritne
979 2599 1072 2658 quam
1094 2589 1202 2658 postea

199 2684 349 2744 uxoribus
377 2684 493 2745 nostris
521 2689 677 2744 ostentare
704 2684 886 2761 possimus?
921 2684 982 2744 erit
1009 2704 1028 2745 a
1055 2705 1117 2764 qua
1140 2686 1201 2745 viri

200 2807 323 2867 quoque
351 2788 549 2849 fortitudinis
578 2788 721 2865 exempla
744 2791 930 2848 sumamus?
959 2808 1052 2867 quam
1075 2791 1119 2850 sic
1141 2809 1202 2850 cer·

199 2899 310 2954 nentes
333 2893 558 2971 audientesque
583 2893 731 2952 miremur
757 2898 794 2952 ut
820 2893 893 2953 illas
921 2913 1000 2971 quae
1027 2894 1199 2971 leguntur?

163 3014 181 3060 0
200 2997 248 3058 Ac
261 2998 340 3058 mihi
355 2999 464 3058 domus
479 2998 549 3075 ipsa
562 3004 672 3058 nutare
690 2997 900 3076 convulsaque
922 2999 1047 3059 sedibus
1062 2999 1126 3060 suis
1141 3000 1202 3059 rui·
1219 3017 1249 3063 20

199 3107 273 3163 tura
286 3122 381 3181 supra
393 3103 527 3177 videtur,
543 3102 617 3162 licet
631 3103 733 3162 adhuc
748 3108 889 3180 posteros
903 3103 1025 3163 habeat.
1067 3104 1200 3173 Quantis

200 3207 284 3268 enim
312 3208 482 3268 virtutibus
511 3206 698 3285 quantisque
723 3207 817 3267 factis
839 3208 1048 3285 adsequentur
1068 3214 1104 3267 ut
1124 3208 1200 3269 haee

165 3333 181 3379 9
200 3332 264 3373 non
277 3313 449 3373 novissima
462 3312 635 3373 occiderit?
677 3314 730 3371 Me
751 3312 878 3391 quidem
898 3312 979 3371 illud
1000 3312 1095 3372 etiam
1116 3313 1202 3374 adfli-

200 3417 248 3495 git
271 3427 303 3478 et
326 3423 452 3496 torquet
476 3418 559 3496 quod
583 3422 715 3477 matrem
744 3417 819 3492 eius,
842 3417 930 3477 illam
952 3415 1046 3495 (nihil
1073 3437 1201 3495 possum

200 3522 366 3584 inlustrius
387 3522 504 3604 dicere)
519 3528 625 3582 tantae
646 3521 783 3581 feminae
804 3527 944 3596 matrem,
966 3541 1072 3582 rursus
1093 3524 1202 3583 videor
1221 3538 1249 3584 sc

201 3627 354 3703 amittere,
370 3646 464 3705 quam
477 3628 563 3702 haec,
578 3632 614 3686 ut
628 3626 732 3686 reddit
746 3645 781 3686 ac
796 3626 893 3686 refert
906 3626 1005 3701 nobis,
1021 3626 1066 3687 sic
1080 3629 1202 3688 auferet

202 3751 306 3798 seeum
327 3751 438 3815 meque
452 3738 484 3792 et
497 3751 577 3798 novo
596 3732 714 3814 pariter
728 3737 760 3796 et
773 3731 903 3794 rescisso
917 3732 1045 3796 viduere
1066 3733 1200 3797 adficiet.
