2782 4164
511 277 772 330 arrsrumsuu
795 278 816 329 1
836 277 861 329 a
1166 264 1187 330 5

183 456 228 527 tu,
238 451 293 530 qui
307 451 400 512 huius
414 450 524 511 iudicii
538 450 719 526 meministi,
731 470 785 511 cur
800 450 887 512 illius
902 450 1018 511 oblitus
1033 469 1065 510 es
1080 450 1115 510 in
1125 470 1187 529 quo
1243 480 1247 486 ·

183 575 233 616 me
246 555 449 633 interrogasti
462 555 539 634 quid
554 556 592 616 de
607 556 688 616 Meti
705 556 842 617 Modesti
860 556 977 634 pietate
992 555 1142 616 sentirem
1151 556 1185 616 l'

182 637 348 740 Eirpalluit
363 660 555 736 notabiliter,
570 661 714 739 quamvis
731 661 849 738 palleat
864 679 994 739 semper,
1009 666 1041 721 et
1055 660 1188 722 haesita

182 766 307 827 bundus
322 765 614 843 ‘interrogantium
625 772 661 827 ut
675 765 734 826 tibi
745 785 898 842 nocerem,
910 766 966 829 sed
976 772 1012 826 ut
1022 766 1186 826 Modesto!

182 871 264 933 Vide
285 871 422 933 hominis
443 871 669 947 crudelitatem,
689 872 743 950 qui
765 891 797 932 se
818 892 881 932 non
902 871 1080 934 dissimulet
1102 871 1186 930 exuli
1206 878 1221 924 ὅ

133 993 164 1039 14
182 994 293 1037 nocere
307 976 452 1038 voluisse.
496 976 666 1037 Subiunxit
683 977 839 1054 egregiam
856 996 1000 1039 causam:
1024 983 1032 1013 ‘
1041 977 1185 1056 scripsit'

183 1081 287 1161 inquit
302 1081 356 1140 ‘in
369 1081 507 1161 epistula
519 1082 663 1160 quadam,
679 1101 758 1160 quae
777 1083 862 1160 apud
883 1082 1098 1142 Domitianum
1112 1081 1187 1141 reci·

182 1193 249 1247 tata
258 1192 315 1263 est,
326 1186 498 1262 “Regulus
510 1188 650 1247 omnium
660 1187 810 1266 bipedum
821 1186 1046 1265 nequissimus3
1055 1187 1087 1262 ''‚'
1103 1187 1186 1265 quod

133 1291 310 1370 mquidem
331 1292 495 1353 Modestus
516 1291 679 1352 verissime
703 1292 879 1369 scripserat.
921 1292 985 1352 Hic
1007 1292 1074 1352 iere
1096 1291 1185 1353 nobis

183 1397 335 1458 sermonis
352 1397 513 1458 terminus
554 1397 667 1476 Neque
685 1397 770 1457 enim
785 1397 869 1457 volui
889 1397 1034 1477 progredi
1052 1397 1233 1473 longius,1o

182 1508 220 1562 ut
246 1501 326 1561 mihi
354 1502 459 1562 omnia
486 1502 587 1562 libera
610 1521 775 1578 servarem,
801 1503 893 1597 dum
904 1501 1063 1595 Mauricus
1088 1501 1184 1563 venit

182 1607 251 1668 Nec
270 1626 320 1667 me
341 1613 487 1724 pragamr
466 1607 580 1709 'tepea
602 1607 796 1683 Regulumt
796 1562 1012 1715 odradtt'ficrov':
1034 1602 1083 1669 est
1101 1607 1185 1667 enim

183 1672 506 1796 locuplesffitrosus,
519 1717 645 1772 curatur
666 1731 685 1772 a
705 1630 834 1788 multis,
842 1706 972 1773 timetur
992 1732 1012 1773 a
1032 1712 1184 1790 pluribus,

183 1817 267 1896 quod
288 1817 472 1896 plerumque
494 1816 609 1878 fortius
631 1836 735 1877 amore
759 1822 815 1878 est
858 1817 969 1878 Potest
990 1823 1096 1878 tamen
1116 1817 1185 1877 fieri

133 1928 219 1983 16111
242 1922 320 1983 haec
341 1941 492 1983 concussa
512 1922 666 1982 labantur.
708 1918 806 1983 11111111Ι
813 1906 930 2003 g'r'a‘tia
938 1906 994 1983 'ma
1007 1942 1096 1982 orum
1120 1929 1185 1984 tam
1206 1937 1235 1984 1⁶

183 2027 283 2089 infida
305 2035 354 2089 est
375 2047 470 2108 quam
492 2028 562 2106 ipsi.
604 2029 731 2103 Verum,
755 2034 792 2089 ut
816 2029 900 2088 idem
924 2028 1049 2106 saepius
1073 2029 1184 2103 dicam,

183 2139 314 2212 expecto
348 2134 533 2195 Mauricum.
582 2133 642 2195 Vir
675 2139 725 2195 est
759 2133 872 2210 gravis,
900 2135 1047 2212 prudens,
1076 2133 1185 2194 multis

182 2239 406 2318 experimentis
422 2240 574 2316 eruditus,
591 2246 622 2301 et
639 2240 694 2319 qui
709 2241 817 2301 futura
835 2239 935 2319 possit
951 2258 990 2299 ex
1006 2239 1185 2318 praeteritis

182 2344 355 2422 providere.
398 2345 480 2405 Mihi
498 2345 725 2424 attemptandi
743 2346 865 2425 aliquid
881 2351 913 2406 et
930 2345 1111 2424 quiescendi
1129 2344 1186 2404 illo

133 2457 163 2505 1‘1
183 2455 308 2509 auctore
330 2449 412 2510 ratio
432 2450 597 2511 constabit.
640 2452 729 2511 Haeo
752 2450 812 2510 tibi
837 2450 957 2528 scripsi,
980 2449 1055 2529 quia
1078 2468 1185 2510 aecum
1205 2465 1236 2513 2⁰

183 2558 251 2614 erat
270 2558 303 2614 te
326 2573 383 2633 pro
405 2573 509 2615 amore
532 2560 642 2616 mutuo
665 2575 729 2616 non
753 2556 854 2617 solum
878 2554 983 2615 omnia
1006 2573 1077 2614 mea
1100 2554 1187 2615 facta

183 2657 329 2738 dictaque
350 2659 576 2721 verumetiam
598 2661 729 2812 conscilia
749 2679 941 2738 cognoscere.
983 2637 1070 2722 V‘ale

669 2764 721 2786 „a

613 2876 756 2957 ssvl)

333 3023 364 3075 0.
384 3021 529 3074 PLINIUS
552 3021 736 3075 CORNELIO
758 3023 893 3075 TACITO
916 3023 984 3075 SUO
1008 3022 1034 3074 S.

274 3155 344 3206 How
355 3156 437 3219 Pliny
448 3156 511 3207 took
522 3157 565 3206 tie
576 3158 717 3208 note-book
728 3158 804 3208 wtea
816 3158 848 3208 be
858 3163 928 3208 went
939 3158 1092 3219 amantino.

147 3296 162 3344 1
223 3285 364 3362 Ridebis,
389 3292 422 3347 et
445 3287 521 3348 licet
544 3287 656 3349 rideas.
697 3290 765 3365 Ego
789 3288 844 3348 ille
869 3307 961 3368 quem
985 3287 1069 3348 nosti
1094 3306 1184 3366 apros

181 3394 247 3451 tres
261 3396 294 3451 et
308 3391 434 3469 quidem
451 3391 678 3471 pulcherrimos
694 3394 771 3471 cepi.
809 3394 937 3472 ‘Ipse?'
952 3393 1066 3471 inquis.
1094 3393 1183 3470 Ipse,

181 3513 246 3554 non
269 3500 375 3557 tamen
399 3504 435 3556 ut
459 3497 648 3582 Qb
672 3498 788 3559 inertia
810 3518 880 3560 mea
904 3505 936 3559 et
959 3498 1065 3577 quiete
1090 3497 1186 3557 disce·
1205 3507 1233 3562 21
1350 3558 1356 3583 ,

181 3599 296 3660 derem.
338 3601 391 3663 Ad
413 3603 494 3663 retia
515 3604 678 3664 sedebam:
708 3610 774 3664 erat
795 3604 828 3663 iu
850 3604 992 3682 proximo
1013 3622 1075 3662 nou
1096 3620 1186 3661 vena-

180 3703 292 3766 bulum
320 3711 374 3766 aut
401 3706 518 3782 lancea,
542 3709 598 3769 sed
622 3708 715 3769 stilus
740 3715 772 3769 et
796 3709 982 3786 pugillares:
1012 3707 1186 3767 meditabar
