2782 4164
486 321 748 374 uersuumnuu
771 324 848 374 vm.
869 325 911 375 ao.
1133 312 1198 378 109

195 492 292 568 nulla,
305 493 410 553 omnia
424 493 573 569 dimensa,
584 494 672 572 paria
685 500 717 554 et
731 495 821 571 quasi
835 495 965 556 artificis
980 515 1075 555 manu
1088 503 1199 558 cavata

196 605 227 659 et
242 599 354 659 excisa.
398 598 491 660 Color
505 599 627 659 caerulo
642 599 785 675 albidior,
797 599 928 659 viridior
939 606 972 660 et
982 602 1126 679 pressior,
1138 601 1199 662 sul-

196 704 284 782 puris
299 704 374 765 odor
389 723 541 783 saporque
556 704 738 779 medicatus,
751 705 809 780 vis,
821 724 884 782 qua
897 706 999 766 fracta
1013 705 1196 767 solidantur.

197 809 340 887 Spatium
354 809 518 884 modicum,
534 810 617 886 quod
631 815 736 870 tamen
751 809 867 870 sentiat
881 816 991 871 ventos
1006 817 1038 871 et
1051 811 1198 873 fluctibus

161 926 175 971 o
196 912 393 975 intumescat.
435 913 535 974 Nulla
555 914 589 972 in
609 914 668 974 hoo
688 913 778 975 navis
798 914 896 994 (sacer
915 915 1023 997 enim),
1039 916 1095 977 sed
1113 917 1233 977 innao

196 1024 267 1079 taut
280 1019 410 1094 insulae,
422 1018 571 1079 herbidae
588 1037 695 1080 omnes
709 1019 884 1079 harundine
899 1025 931 1079 et
944 1020 1045 1096 iunco,
1057 1039 1198 1099 quaeque

196 1123 260 1184 alia
273 1124 437 1183 fecundior
454 1122 545 1201 palus
562 1124 693 1202 ipsaque
711 1123 769 1184 illa
790 1124 972 1185 extremitas
994 1125 1080 1185 lacus
1097 1126 1196 1186 effert.

198 1229 261 1289 Sua
274 1229 385 1307 cuique
399 1229 501 1305 figura
513 1235 550 1288 ut
564 1229 692 1290 modus:
715 1229 836 1290 cunctis
851 1248 957 1305 margo
972 1230 1109 1307 derasus,
1125 1231 1200 1308 quia

197 1334 377 1411 frequenter
394 1333 445 1393 vel
467 1334 553 1394 litori
569 1334 621 1394 vel
643 1334 703 1394 sibi
724 1334 836 1395 inlisae
857 1340 964 1395 terunt
984 1340 1197 1414 terunturque.

196 1440 259 1499 Par
284 1439 428 1500 omnibus
453 1438 597 1514 altitude,
622 1458 680 1518 par
702 1438 832 1516 levitas3
862 1440 979 1518 quippe
1007 1440 1040 1499 in
1064 1441 1200 1519 speciem
1220 1457 1245 1503 1o

162 1554 178 1599 o
198 1545 320 1604 carinae
334 1544 448 1603 humili
462 1544 565 1604 radice
581 1544 783 1604 descendunt.
825 1545 915 1605 Haec
936 1545 975 1605 ab
996 1545 1081 1604 omni
1101 1545 1199 1606 latere

197 1650 385 1727 perspicitur
401 1650 570 1726 eademque
590 1667 741 1727 suspensa
759 1649 877 1727 pariter
897 1656 929 1710 et
949 1668 1058 1711 mersa.
1100 1649 1201 1710 Inter·

197 1755 272 1814 dum
293 1754 417 1814 iunctae
438 1753 663 1832 copulataeque
682 1759 714 1813 et
731 1754 905 1814 continenti
924 1754 1043 1816 similes
1058 1761 1140 1832 sunt,
1155 1755 1200 1815 in-

197 1860 320 1919 terdum
343 1858 595 1919 discordantibus
609 1859 713 1919 ventis
735 1859 928 1935 digeruntur,
947 1879 1011 1919 non
1028 1879 1199 1938 numquam

162 1969 177 2017 7
198 1964 368 2024 destitutae
382 1962 613 2041 tranquillitate
625 1963 766 2039 singulae
775 1963 910 2024 fluitant.
954 1964 1052 2042 Saepe
1063 1965 1199 2026 minores
1220 1982 1247 2028 lo

197 2069 367 2129 maioribus
386 2069 474 2128 velut
494 2068 656 2128 cumbulae
678 2069 829 2129 onerariis
850 2069 1085 2146 adhaerescunt,
1107 2088 1199 2148 saepe

197 2174 280 2233 inter
300 2192 332 2233 se
351 2173 483 2233 maiores
504 2173 702 2251 minoresque
724 2174 814 2249 quasi
835 2192 959 2234 cursum
980 2180 1200 2252 certamenque

197 2278 382 2353 desumunt,
405 2297 512 2338 rursus
527 2297 634 2339 omnes
648 2278 682 2337 in
697 2278 830 2338 eundem
844 2277 946 2338 locum
964 2279 1122 2357 adpulsae,
1138 2298 1201 2358 qua

198 2388 353 2444 steterunt
368 2388 552 2461 promovent
566 2389 690 2458 terram,
702 2389 733 2443 et
747 2383 839 2443 modo
849 2383 908 2443 hac
921 2384 1013 2443 modo
1027 2383 1085 2444 illa
1097 2383 1200 2444 lacum

197 2488 332 2547 reddunt
353 2489 578 2566 auferuntque3
607 2506 642 2547 ac
663 2493 730 2547 tum
751 2488 885 2563 demum,
908 2506 979 2547 oum
999 2488 1137 2547 medium
1157 2495 1201 2549 te·
1219 2507 1248 2554 ao

163 2605 177 2650 a
197 2611 300 2667 nuere,
316 2612 379 2652 non
393 2593 590 2652 contrahunt.
633 2593 765 2654 Constat
778 2612 891 2672 peoora
906 2593 1019 2654 herbas
1034 2599 1141 2654 secuta
1155 2593 1199 2654 sio

197 2697 232 2756 in
252 2697 371 2758 insulas
394 2697 465 2758 illas
486 2703 523 2757 ut
543 2698 577 2756 in
598 2704 769 2758 extremam
791 2697 892 2776 ripam
913 2698 1079 2776 procedere
1101 2697 1199 2759 solere

197 2821 254 2862 nec
275 2803 363 2880 prius
385 2803 567 2879 intellegere
587 2802 702 2864 mobile
724 2803 834 2879 solum,
852 2822 944 2881 quam
965 2802 1052 2864 litori
1070 2804 1200 2882 abrepta

197 2908 289 2985 quasi
309 2908 409 2968 inlata
428 2914 459 2968 et
478 2907 616 2986 inposita
636 2907 860 2969 circumfusum
876 2909 1015 2986 undique
1032 2907 1135 2969 lacum
1148 2928 1201 2987 pa·

197 3018 308 3088 veant3
337 3033 409 3072 mox
437 3033 498 3090 quo
522 3012 632 3073 tulerit
656 3019 769 3074 ventus
793 3032 925 3089 egressa,
950 3032 1014 3074 non
1040 3013 1140 3090 magis
1166 3032 1199 3075 se
1218 3033 1248 3080 25

161 3118 394 3178 edesoendisse
422 3119 548 3194 sentire,
572 3138 665 3197 quam
695 3119 851 3180 senserint
878 3119 1062 3180 ascendisse.
1108 3119 1198 3179 Idem

196 3222 282 3283 laous
303 3223 337 3282 in
357 3223 474 3283 flumen
498 3223 643 3300 egeritur,
665 3224 757 3302 quod,
779 3224 834 3284 ubi
858 3242 891 3284 se
918 3223 1080 3301 paulisper
1100 3223 1198 3285 oculis

197 3327 293 3403 dedit,
310 3347 404 3406 specu
425 3328 576 3404 mergitur
595 3329 720 3407 alteque
737 3328 898 3389 conditum
912 3334 1005 3405 meat,
1021 3347 1056 3388 ac
1071 3328 1197 3407 siquid,

147 3446 176 3492 10
197 3439 364 3510 antequam
382 3434 613 3510 subduceretur,
629 3434 758 3512 accepit,
774 3438 879 3495 servat
893 3438 926 3493 et
938 3434 1068 3511 profert.
1110 3434 1199 3493 Haeo

196 3538 257 3598 tibi
278 3538 397 3617 scripsi,
413 3538 488 3615 quia
506 3557 563 3598 nec
581 3539 686 3599 minus
701 3539 809 3615 ignota
822 3557 916 3617 quam
930 3538 1010 3598 mihi
1023 3556 1080 3597 nec
1094 3537 1198 3598 minus
1218 3542 1251 3601 at'

196 3649 285 3719 grata
305 3643 476 3703 credebam.
518 3644 600 3703 Nam
620 3649 653 3703 te
674 3662 806 3722 quoque,
820 3648 857 3704 ut
873 3661 932 3719 me,
947 3642 1028 3702 nihil
1044 3661 1143 3720 aeque
1163 3661 1198 3702 ao

195 3754 325 3809 naturae
341 3765 434 3826 opera
447 3746 612 3808 delectant.
655 3749 742 3810 Vale.
