2782 4164
528 323 792 378 nrnrmsnnu
813 325 848 380 n
867 324 909 380 co.
1156 313 1221 382 128

181 480 361 575 2”θρεπτούς.
402 497 443 556 In
457 517 519 575 qua
533 517 589 574 ego
604 499 721 560 auditis
736 499 1012 562 constitutionibus
1031 500 1218 579 principum,

216 601 290 678 quia
304 601 386 661 nihil
403 603 598 664 inveniebam
618 609 673 664 aut
688 604 849 683 proprium
867 610 923 665 aut
941 605 1118 666 universale
1135 606 1220 683 quod

215 706 256 765 ad
281 706 438 786 Bithynos
462 708 607 780 ferretur,
633 709 858 776 consulendum
882 714 913 770 te
938 709 1118 771 existimavi
1142 709 1219 787 quid

215 810 373 871 observari
397 811 504 872 velles.
546 813 659 891 Neque
683 813 766 874 onim
792 812 903 892 putavi
928 832 1020 891 posse
1044 832 1094 875 mo
1121 815 1154 873 in
1182 833 1218 874 eo

215 916 298 993 quod
321 917 540 977 auctoritatem
562 923 649 978 tuam
670 923 812 996 posceret
836 918 980 997 exemplo
1003 937 1071 980 ease
1095 924 1253 979 conten-o

173 1030 195 1080 ,3
214 1025 290 1080 turn.
333 1021 538 1082 Recitabatur
563 1027 668 1083 autem
693 1023 777 1102 apud
797 1041 847 1083 me
868 1023 1006 1084 edictum
1031 1024 1115 1100 quod
1139 1024 1218 1085 dicc-

214 1125 306 1185 batur
330 1125 396 1186 divi
420 1126 568 1204 Augusti,
589 1127 630 1188 ad
654 1127 792 1189 Anniam
813 1128 990 1206 pertinens:
1015 1128 1164 1190 recitatae
1186 1135 1218 1191 ot

214 1230 368 1308 epistulae
385 1231 451 1291 divi
469 1232 657 1310 Vespasiani
672 1234 713 1293 ad
732 1232 994 1294 Lacedaemonios
1012 1238 1044 1294 ct
1065 1233 1132 1294 divi
1151 1234 1217 1294 Titi

213 1335 254 1395 ad
272 1337 397 1396 eosdem
418 1342 450 1397 et
471 1338 511 1397 ad
525 1337 678 1414 ¹Achaeos,
693 1344 726 1398 ct
746 1338 921 1400 Domitiani
942 1340 983 1400 ad
996 1338 1146 1400 Avidium
1161 1340 1218 1401 Ni·

213 1439 337 1516 grinum
362 1448 394 1501 et
421 1441 607 1501 Armenium
634 1443 810 1503 Brocchum
837 1444 1047 1521 proconsules,
1072 1444 1149 1505 item
1177 1445 1216 1505 ad
1237 1455 1266 1502 10

213 1544 491 1606 Lacedaemonios:
514 1565 593 1624 quae
611 1546 681 1607 ideo
698 1547 758 1608 tibi
775 1567 839 1607 non
859 1547 941 1622 misi,
957 1548 1033 1625 quia
1053 1553 1085 1608 et
1106 1567 1216 1627 parum

213 1651 378 1711 emendata
392 1656 424 1711 et
438 1652 590 1729 quaedam
605 1671 668 1712 non
682 1657 785 1713 certae
797 1652 872 1712 fidei
887 1653 1076 1714 videbantur
1094 1659 1126 1714 et
1142 1653 1217 1733 quia

212 1773 287 1814 vera
300 1760 332 1815 et
346 1756 558 1816 emendatam
573 1757 697 1817 scriniis
711 1757 776 1816 tuis
791 1775 859 1818 esse
873 1756 1044 1818 credebam.

586 1997 663 2060 roo.
692 1996 836 2080 (uxvr.)

520 2165 708 2217 TRAIANUS
730 2166 854 2218 PLINIO
878 2167 904 2218 S.

589 2324 715 2386 Trojano
727 2338 836 2376 uncwer.

164 2490 192 2555 s1
251 2478 399 2549 Quaestio
416 2477 479 2538 ista
497 2496 576 2555 quac
595 2477 734 2556 pertinet
755 2480 795 2539 ad
815 2498 868 2539 eos
889 2479 944 2557 qui
965 2478 1057 2540 liberi
1078 2480 1146 2541 nati
1166 2500 1216 2541 ex·

211 2582 317 2661 positi,
332 2583 445 2643 deinde
460 2582 576 2643 sublati
590 2602 609 2643 a
623 2582 811 2661 quibusdam
825 2590 857 2643 et
871 2584 905 2642 in
923 2584 1074 2645 servitute
1091 2585 1215 2646 educati
1236 2601 1264 2646 15

213 2693 286 2747 sunt
306 2705 397 2765 saepe
417 2692 554 2748 tractata
570 2693 627 2763 est,
642 2706 699 2748 nec
721 2688 887 2765 quicquam
902 2687 1062 2748 invenitur
1082 2689 1116 2748 in
1137 2708 1216 2751 com-

203 2792 374 2853 mentariis
389 2811 495 2853 eorum
510 2792 686 2871 principum
702 2793 843 2870 quiante
857 2812 906 2853 me
923 2793 1061 2870 fuerunt,
1077 2795 1161 2871 quod
1174 2796 1215 2855 ad

177 2912 192 2957 2
212 2915 319 2957 omnes
337 2897 515 2975 provincias
538 2897 580 2958 sit
601 2897 816 2958 constitutum.
859 2897 1023 2974 Epistulae
1045 2917 1119 2958 sane
1142 2904 1215 2959 sunt

212 3002 387 3063 Domitiani
398 3004 438 3063 ad
448 3003 601 3063 Avidium
611 3002 781 3079 Nigrinum
792 3008 825 3063 et
835 3002 1020 3063 Armenium
1031 3004 1215 3080 Brocchum,

212 3126 292 3184 quae
314 3108 448 3169 fortasse
473 3108 607 3168 debeant
631 3107 806 3168 observari:
829 3108 885 3167 sed
908 3107 993 3167 intra
1016 3126 1069 3168 eas
1091 3109 1215 3187 provin·
1234 3122 1263 3168 no

212 3212 276 3273 cias
291 3213 329 3272 de
344 3213 457 3290 quibus
472 3212 642 3291 rescripsit,
657 3212 739 3271 inter
754 3231 832 3289 quas
846 3231 910 3271 non
924 3218 972 3272 est
989 3211 1159 3291 Bithynia3
1182 3218 1215 3273 et
1234 3253 1237 3260 -

212 3317 282 3378 ideo
305 3336 362 3378 nec
387 3318 596 3379 adsertionem
621 3318 835 3393 denegandam
859 3316 899 3377 iis
924 3316 1039 3394 quiex
1061 3317 1214 3377 eiusmodi
1263 3338 1267 3346 ·

212 3441 306 3484 causa
337 3423 372 3482 in
403 3423 582 3483 libertatem
608 3421 852 3482 vindicabuntur
879 3425 956 3499 puto
984 3440 1085 3499 neque
1112 3421 1214 3500 ipsam

212 3526 391 3588 libertatem
405 3526 618 3586 redimendam
632 3525 733 3604 pretio
748 3524 975 3586 alimentorum.
