2782 4164
524 302 787 355 nmaruuaaum
811 303 862 353 111.
880 303 907 355 o.
1174 290 1216 357 41

212 495 262 538 mc
287 483 463 555 correptum
492 476 531 536 ab
553 495 590 535 eo
617 495 672 535 cur
696 475 903 535 ambularem:
933 475 1092 552 ‘poteras’
1113 474 1217 552 inquit

215 582 289 642 ‘bas
304 582 396 642 horas
410 600 474 640 non
488 581 653 658 perdere'3
675 599 748 640 nam
762 580 863 657 perire
885 597 975 639 omne
995 586 1117 657 tempus
1139 579 1217 639 arbi·

165 697 194 744 17
214 687 357 747 trabatur
370 687 455 764 quod
469 685 582 746 studiis
596 705 659 744 non
674 685 913 762 impenderetur.
956 685 1027 744 Hac
1042 684 1216 743 intentione

214 797 263 851 tot
277 792 340 852 ista
352 790 513 851 volumina
523 790 645 868 peregit
656 790 886 867 electorumque
898 789 1134 850 commentarios
1149 807 1217 849 cen·

214 901 282 957 tum
303 896 467 971 sexaginta
488 895 566 954 mihi
595 895 731 972 reliquit,
754 894 1015 972 opisthographos
1037 894 1163 971 quidem
1184 899 1250 952 eto

215 1001 424 1062 minutissime
449 1000 599 1078 scriptos3
621 1019 684 1077 qua
702 999 822 1059 ratione
841 999 1071 1077 multiplicatur
1091 999 1143 1057 hio
1164 1018 1217 1057 nu·

215 1124 327 1167 merus.
368 1105 541 1166 Referebat
561 1105 629 1182 ipse
650 1106 789 1183 potuisse
815 1123 856 1179 se,
878 1123 949 1164 omn
975 1109 1155 1182 procuraret
1182 1104 1216 1162 in

215 1210 381 1289 Hispania,
395 1211 531 1270 vendere
552 1210 609 1271 hos
626 1209 864 1269 commentarios
886 1209 1000 1284 Largio
1020 1209 1130 1268 Licino
1145 1228 1218 1286 qua

216 1316 391 1392 dringentis
406 1316 533 1376 milibus
547 1335 717 1389 nummum,
733 1320 765 1374 et
786 1320 861 1374 tunc
880 1314 1041 1391 aliquanto
1056 1313 1216 1391 pauciores

165 1429 196 1476 18
216 1426 313 1482 erant.
355 1422 469 1481 Nonne
490 1421 615 1481 videtur
635 1420 694 1480 tibi
716 1420 891 1480 recordanti
915 1425 1066 1496 quantum
1095 1419 1263 1496 legeritis

216 1532 369 1604 quantum
390 1526 559 1604 scripserit,
581 1545 637 1585 nec
666 1525 699 1584 in
720 1525 829 1585 officiis
850 1525 926 1584 ullis
947 1543 1003 1584 nec
1025 1525 1059 1582 in
1080 1524 1218 1584 amicitia

216 1631 369 1709 principis
391 1631 500 1705 luisse,
522 1650 638 1705 rursus,
661 1649 731 1690 cum
753 1630 844 1689 audis
869 1629 946 1707 quid
967 1629 1080 1689 studiis
1102 1629 1216 1691 laboris

216 1735 405 1815 inpenderit,
430 1754 487 1795 neo
512 1736 674 1813 scripsisse
697 1735 773 1794 satis
798 1754 855 1794 nec
883 1735 1022 1810 legisse?
1064 1734 1146 1804 Quid
1163 1739 1217 1798 ⁴est

216 1840 300 1902 enim
315 1841 399 1918 quod
412 1860 475 1900 non
496 1846 551 1900 aut
571 1840 645 1900 illae
667 1840 884 1917 occupationes
905 1839 1046 1916 inpedire
1067 1845 1121 1898 aut
1141 1838 1217 1897 haec

165 1957 197 2003 19
217 1944 371 2008 instantia
390 1965 453 2005 non
473 1945 574 2024 possit
594 1945 739 2005 efficere?
781 1946 893 2022 Itaque
915 1945 999 2005 soleo
1020 1944 1129 2019 ridere,
1148 1963 1218 2002 cum
1238 1959 1265 2004 15

216 2069 266 2111 mc
286 2051 413 2128 quidam
436 2051 611 2111 studiosum
631 2056 752 2125 vocant,
768 2050 831 2127 qui,
848 2050 874 2109 si
896 2068 1055 2126 comparer
1075 2048 1133 2122 illi,
1150 2068 1219 2108 sum

218 2155 492 2216 desidiosissimus.
534 2157 601 2230 Ego
629 2163 732 2215 autem
757 2161 889 2229 tantum,
912 2173 1003 2232 quem
1029 2153 1143 2231 partim
1166 2172 1219 2230 pu-

216 2260 301 2321 blica
320 2261 436 2338 partim
457 2260 625 2320 amicorum
645 2260 746 2319 officia
766 2259 987 2336 distringunt?
1009 2259 1080 2337 quis
1095 2277 1133 2317 ex
1148 2258 1218 2318 istis

218 2364 274 2442 qui
300 2369 368 2424 tota
395 2365 463 2424 vita
490 2365 607 2425 litteris
636 2365 782 2425 adsident
809 2364 942 2425 collatus
967 2364 1102 2422 illinon
1128 2362 1219 2441 quasi

166 2485 198 2532 ac
218 2489 326 2530 somno
353 2476 385 2530 et
413 2470 545 2530 inertiae
567 2470 692 2531 deditus
717 2470 903 2529 erubescat?
945 2469 1083 2528 Extendi
1106 2468 1220 2545 epistu-
1239 2484 1267 2529 ao

217 2575 290 2650 lam,
312 2594 382 2635 cum
402 2576 461 2635 hoc
483 2576 584 2636 solum
605 2576 688 2653 quod
711 2575 891 2652 requirebas
913 2574 1047 2634 scribere
1068 2573 1220 2633 destinas-

218 2699 293 2756 sem,
308 2700 386 2758 quos
400 2680 498 2740 libros
512 2680 709 2758 reliquisset:
732 2679 854 2739 confido
875 2685 979 2739 tamen
1000 2679 1077 2738 haec
1097 2697 1219 2757 quoque

216 2784 278 2846 tibi
297 2805 360 2845 non
381 2785 485 2846 minus
507 2791 597 2863 grata
617 2805 711 2862 quam
731 2785 816 2862 ipsos
837 2784 933 2845 libros
955 2785 1072 2859 futura,
1087 2801 1167 2860 quae
1188 2788 1219 2842 tc

216 2885 281 2949 riou
294 2895 419 2950 tantum
433 2891 472 2950 ad
492 2891 640 2966 legendos
662 2909 714 2950 eos
736 2909 844 2949 verum
865 2889 960 2949 etiarn
981 2890 1021 2948 ad
1042 2887 1145 2948 simile
1167 2887 1221 2946 ali-

217 2993 296 3073 quid
310 2994 532 3055 claboraudum
547 3000 678 3072 possunt
693 2993 910 3054 aemulationis
925 2992 1063 3053 stimulis
1074 2991 1218 3052 excitare.
1240 3005 1267 3050 ab

216 3098 304 3161 Vale.

635 3211 688 3272 ³2.
720 3209 805 3288 (VI.)

394 3353 425 3405 C.
449 3354 593 3405 PLINIUS
617 3355 730 3405 ANNIO
755 3354 898 3405 SEVERO
924 3354 992 3406 SUO
1016 3353 1044 3404 S.

578 3487 604 3538 A
616 3489 713 3538 bronze
725 3494 856 3539 statuetis.

180 3642 195 3688 1
257 3629 307 3688 Ex
324 3628 499 3688 hereditate
520 3647 600 3707 quae
621 3628 702 3687 mihi
724 3628 851 3688 obvenit
872 3627 932 3686 emi
953 3626 1094 3705 proxime
1116 3624 1222 3686 Corin·

215 3732 321 3794 thium
335 3732 468 3810 signum,
483 3733 640 3793 modicum
655 3733 782 3811 quidem
796 3733 851 3793 sed
872 3731 1024 3793 festivum
1044 3736 1077 3791 ct
1097 3747 1221 3807 expres-

1207 3910 1283 3921 *m
