2782 4164
508 290 771 341 nmsrumnmu
795 290 816 342 1.
837 291 877 344 re.
1149 279 1191 344 15

190 480 250 539 que
271 461 328 522 sub
348 461 407 522 hoo
428 461 571 540 exemplo
593 461 748 523 somnium
769 461 856 522 istud
883 462 917 521 in
941 462 1056 523 bonum
1077 470 1192 539 vertas3

189 572 245 626 aut
259 566 286 627 si
299 567 400 627 tutius
415 572 507 645 putas
522 566 603 626 illud
617 542 799 650 patffisslmi
819 567 977 645 cuiusque,
990 576 1192 647 praeceptum

153 672 289 749 e‘quod
310 672 496 766 dubites7ne
516 672 649 748 feceris,'
672 671 706 731 id
733 672 837 750 ipsum
864 672 1006 733 rescribe.
1049 674 1116 750 Ego
1138 673 1192 734 ali-

190 795 284 855 quam
312 776 474 855 stropham
507 777 667 838 inveniam
694 796 847 855 agamque
874 797 999 838 causam
1031 783 1127 852 tuam,
1156 784 1192 838 ut

190 881 290 959 ipsam
312 899 403 958 agere
423 887 468 957 tu,
487 901 557 941 oum
579 883 674 958 voles,
696 883 806 960 possis.
848 883 909 943 Est
929 882 1013 942 enim
1035 901 1109 942 sane
1129 882 1193 943 alia
1211 895 1226 939 o

190 986 271 1046 ratio
291 992 356 1062 tua,
379 986 443 1047 alia
466 1005 536 1047 mea
562 986 634 1046 fuit.
676 988 761 1047 Nam
788 987 940 1046 iudicium
967 987 1191 1047 centumvirale

190 1090 312 1151 differri
325 1091 413 1151 nullo
427 1092 527 1169 modo,
542 1092 629 1152 istud
643 1110 734 1169 aegre
748 1092 874 1171 quidem
889 1090 944 1153 sed
957 1097 1064 1152 tamen
1078 1098 1190 1170 potest.
1279 1095 1280 1098 ’

190 1195 277 1257 Vale.

590 1419 643 1480 rs
672 1415 790 1499 (xix.)

355 1592 384 1645 O.
410 1593 554 1644 PLINIUS
577 1592 745 1644 ROMATIO
768 1593 886 1645 FIRMO
909 1593 977 1645 SUO
1000 1593 1025 1645 S.

191 1756 274 1820 Pliny
283 1757 362 1819 offere
370 1758 413 1807 bis
418 1757 513 1820 friend
522 1771 538 1807 α
544 1757 657 1819 fortune
667 1762 693 1807 to
703 1757 796 1807 enable
805 1757 861 1807 him
871 1763 897 1808 to
908 1763 981 1808 enter
989 1758 1031 1807 the
1041 1758 1193 1820 equestrioa

650 1848 735 1898 order.

156 2000 169 2046 1
230 1989 395 2068 Municeps
410 1995 446 2049 tu
459 2008 547 2050 meus
561 1995 594 2049 et
606 1987 839 2065 condiscipulus
854 1993 885 2047 et
899 1989 938 2049 ab
952 1987 1080 2047 ineunte
1091 1993 1193 2047 aetate

191 2093 433 2170 contubernalis,
448 2099 538 2172 pater
553 2099 626 2154 tuus
641 2099 673 2153 et
689 2082 783 2152 matri
798 2099 830 2152 et
849 2092 1003 2152 avunculo
1022 2112 1099 2168 meo,
1114 2092 1194 2152 mihi
1214 2113 1242 2158 10

190 2198 296 2274 etiam,
318 2204 470 2276 quantum
492 2198 605 2260 aetatis
627 2197 793 2258 diversitas
815 2216 908 2275 passa
928 2203 985 2272 est,
1007 2197 1191 2273 familiaris,

191 2322 322 2379 magnae
335 2309 369 2363 et
382 2322 492 2380 graves
507 2323 617 2364 causae
632 2323 687 2363 cur
702 2303 858 2380 suscipere
876 2321 988 2377 augere
1006 2302 1193 2378 dignitatem

156 2415 275 2468 atnam
292 2407 429 2468 debeam.
472 2409 551 2469 Esse
569 2414 674 2468 autem
695 2408 753 2468 tibi
775 2413 900 2467 centum
923 2406 1044 2466 milium
1065 2426 1192 2468 censum

192 2512 269 2574 satis
284 2512 403 2573 indicat
417 2514 501 2591 quod
515 2513 599 2591 apud
613 2532 669 2573 nos
684 2513 811 2573 decurio
825 2532 867 2573 es.
910 2511 1013 2587 Igitur
1026 2520 1063 2571 ut
1080 2518 1111 2571 te
1130 2531 1193 2572 non

192 2619 357 2679 decurione
385 2619 486 2680 solum
514 2638 622 2678 verum
648 2619 743 2681 etiam
764 2617 872 2695 equite
892 2618 1033 2676 Romano
1054 2616 1193 2694 perfrua
1213 2640 1241 2685 15

190 2743 270 2801 mur,
294 2724 392 2784 offero
414 2723 476 2784 tibi
499 2724 540 2784 ad
563 2723 729 2802 inplendae
754 2728 914 2800 equestres
939 2722 1107 2781 facultates
1134 2727 1193 2781 tre

156 2835 283 2890 scente,
316 2829 406 2890 milia
439 2848 609 2888 nummum.
666 2829 709 2887 Te
737 2846 906 2886 memorem
933 2827 1026 2887 huius
1054 2826 1191 2886 muneris

191 2934 349 2995 amicitiae
363 2939 488 2994 nostrae
503 2932 694 2993 diuturnitas
714 2933 865 3009 spondet:
888 2950 945 3007 ego
965 2950 1005 2991 ne
1026 2931 1107 2990 illud
1127 2931 1193 3008 qui-

192 3039 263 3099 dem
294 3039 454 3113 admoneo,
483 3038 567 3116 quod
601 3039 766 3098 admonere
802 3037 955 3110 deberem,
983 3036 1045 3097 nisi
1080 3037 1191 3097 scirem

191 3149 303 3221 sponte
316 3143 484 3219 facturum,
499 3148 535 3202 ut
549 3142 704 3220 dignitate
719 3161 738 3202 a
756 3161 805 3201 me
822 3142 896 3201 data
917 3160 1011 3218 quam
1032 3141 1194 3200 modestis·
1212 3161 1241 3206 ao

155 3258 171 3303 4
191 3248 278 3324 sime,
292 3254 329 3308 ut
345 3267 427 3309 ame
442 3249 524 3323 data,
539 3254 636 3308 utare.
678 3248 763 3307 Nam
783 3246 949 3307 sollicitius
968 3246 1191 3306 custodiendus

190 3359 240 3414 est
259 3353 367 3430 honor,
389 3353 423 3412 in
444 3372 505 3430 quo
526 3353 621 3413 etiam
642 3351 827 3413 beneficium
849 3350 942 3411 amici
962 3351 1113 3409 tuendum
1135 3357 1190 3410 est.

190 3458 278 3519 Vale.
