2782 4164
519 293 781 345 nrisruunnun
804 293 825 345 1.
847 292 886 346 ro.
1162 279 1203 344 13

599 517 652 578 12
687 515 803 598 (xva)

453 687 483 738 C.
506 687 653 738 PLINIUS
676 687 812 738 ERUCIO
836 686 904 738 SUO
927 686 953 738 S.

498 845 690 898 Saturninus’c
705 860 785 908 many
799 848 906 897 talenta

166 1012 180 1056 1
241 996 396 1057 Amabam
416 996 602 1074 Pompeium
625 994 839 1070 Saturninum,
867 994 951 1054 hunc
966 995 1036 1055 dico
1049 1001 1201 1071 nostrum,

201 1101 429 1178 laudabamque
463 1100 531 1160 eius
566 1100 738 1176 ingenium,
767 1100 863 1160 etiam
895 1105 1063 1177 antequam
1092 1100 1203 1160 scirem

201 1225 295 1283 quam
322 1205 454 1282 varium,
482 1225 577 1283 quam
608 1204 756 1280 flexibile,
785 1224 877 1282 qnam
907 1204 1074 1283 multiplex
1102 1211 1200 1266 esset:

165 1333 180 1377 2
200 1329 284 1370 nnnc
297 1330 371 1370 vero
384 1316 486 1371 totum
501 1330 551 1370 me
565 1316 661 1384 tenet,
676 1310 781 1385 habet,
796 1310 944 1387 possidet.
975 1309 1078 1370 -Audii
1092 1329 1202 1371 causas

200 1422 345 1492 agentem
366 1417 479 1476 acriter
500 1422 532 1476 et
554 1417 700 1476 ardenter
720 1434 777 1475 neo
798 1416 903 1475 minus
925 1415 1021 1493 polite
1036 1422 1068 1476 et
1082 1422 1201 1492 ornate,
1221 1431 1236 1476 o

201 1522 266 1582 sive
284 1520 436 1581 meditata
456 1520 522 1580 sive
544 1521 649 1581 subita
669 1520 832 1599 proferret.
876 1520 1002 1581 Adsunt
1027 1526 1118 1599 aptae
1141 1539 1203 1580 ore-

200 1626 335 1704 braeque
350 1626 533 1701 sententiae,
548 1626 652 1702 gravis
666 1633 699 1686 et
716 1626 827 1686 decora
843 1625 1042 1699 constructio,
1058 1627 1202 1687 sonantia

200 1732 295 1792 verba
308 1738 340 1791 et
354 1732 492 1808 antiqua.
533 1730 647 1792 Omnia
660 1731 736 1790 haee
750 1730 828 1790 mire
842 1730 977 1808 placent,
992 1748 1063 1789 cnm
1079 1710 1201 1809 impetu

200 1836 334 1913 quodam
349 1841 381 1895 et
394 1836 521 1895 flumine
544 1836 766 1914 pervehuntur,
782 1834 915 1913 placent,
934 1835 962 1895 si
983 1840 1199 1895 retractentur.

164 1960 180 2005 a
201 1940 322 2000 Senties
338 1940 421 2017 quod
435 1959 500 2016 ego,
515 1959 585 2000 cum
600 1941 755 2000 orationes
770 1940 838 2000 eius
852 1939 887 1998 in
897 1958 1008 2000 manns
1020 1940 1200 2018 sumpseris,
1221 1957 1249 2004 ιο

200 2064 278 2122 quas
299 2044 394 2105 facile
414 2044 545 2105 cuilibet
565 2051 715 2120 veterum,
730 2064 862 2122 qnorum
887 2050 935 2105 est
955 2044 1106 2120 aemulus,
1122 2064 1201 2106 com·

163 2165 180 2210 4
199 2149 333 2228 parabis.
377 2149 465 2209 Idem
489 2156 594 2209 tamen
617 2150 650 2209 in
675 2150 808 2211 historia
829 2152 929 2228 magis
953 2152 1128 2213 satisfaciet
1149 2151 1200 2212 vel

199 2254 354 2315 brevitate
376 2254 425 2314 vel
446 2254 516 2314 luce
536 2254 588 2314 vel
611 2255 766 2316 suavitate
788 2256 840 2316 vel
865 2255 1030 2335 splendore
1052 2256 1148 2317 etiam
1168 2263 1201 2317 et

200 2359 394 2420 sublimitate
423 2359 580 2420 narrandi.
626 2361 710 2420 Nam
741 2361 776 2420 in
805 2362 1001 2423 contionibus
1030 2362 1114 2421 idern
1146 2352 1200 2439 qui

199 2464 234 2523 in
260 2464 453 2525 orationibus
483 2470 540 2540 est,
572 2466 708 2543 pressior
738 2471 844 2526 tamen
875 2473 907 2527 et
937 2466 1250 2545 circumscriptione

164 2574 231 2630 oet
259 2568 430 2630 adductior.
481 2571 650 2630 Praeterea
677 2570 756 2631 facit
783 2590 901 2648 versus,
925 2572 1033 2649 quales
1056 2571 1199 2634 Catullus

199 2679 254 2733 aut
268 2674 393 2736 Calvus.
436 2675 593 2746 Quantum
614 2675 680 2736 illis
701 2675 826 2754 leporis,
848 2676 1033 2751 dulcedinis,
1056 2677 1201 2737 amaritu-

199 2777 293 2854 dinis,
308 2779 442 2840 amorisl
463 2779 575 2839 inserit
589 2799 673 2854 sane,
690 2782 744 2842 sed
759 2782 832 2841 data
846 2800 949 2860 opera,
964 2781 1112 2842 mollibus
1127 2782 1201 2841 levi-

199 2883 318 2961 busque
340 2883 536 2945 duriusculos
557 2886 717 2961 quosdam,
738 2892 770 2946 et
790 2886 848 2945 hoc
870 2886 958 2963 quasi
981 2886 1125 2948 Catullus
1146 2892 1201 2946 aut

163 3003 179 3048 6
199 2987 324 3049 Calvus.
357 2987 450 3064 Legit
464 2988 543 3048 mihi
557 3008 656 3067 nuper
671 2990 840 3068 epistulas3
857 2991 963 3051 uxoris
978 3009 1045 3052 esse
1060 2992 1198 3052 dicebat:
1220 3003 1249 3049 20

199 3091 348 3152 Plautum
358 3091 409 3153 vel
421 3094 602 3154 Terentium
617 3101 716 3155 metro
730 3095 864 3155 solutum
881 3095 943 3172 legi
958 3096 1085 3156 credidi.
1115 3097 1200 3167 Quae

162 3267 166 3279 ι
199 3196 265 3257 sive
285 3197 393 3258 uxoris
416 3203 498 3273 sunt,
518 3204 555 3257 ut
575 3198 730 3274 adfirmat,
751 3200 817 3259 sive
838 3201 947 3279 ipsius,
963 3207 998 3261 ut
1012 3207 1115 3277 negat,
1130 3200 1200 3279 pari

199 3300 299 3377 gloria
320 3301 433 3380 dignus
456 3302 511 3379 qui
534 3309 589 3363 aut
610 3303 667 3364 illa
688 3311 853 3381 componat
874 3312 929 3365 aut
949 3325 1086 3381 uxorem,
1105 3325 1199 3383 quam

198 3405 353 3483 virginem
380 3407 510 3485 accepit,
545 3412 611 3467 tam
639 3408 761 3468 doctam
794 3409 986 3487 politamque
1016 3411 1197 3470 reddiderit.

161 3523 177 3570 7
197 3511 257 3571 Est
271 3530 344 3587 ergo
355 3531 476 3572 mecum
490 3531 546 3590 per
561 3512 646 3572 diem
659 3518 777 3573 totum:
799 3515 933 3576 eundem
947 3522 1114 3592 antequam
1128 3515 1200 3576 scri·
1218 3524 1247 3570 25

197 3617 277 3692 bam,
299 3617 433 3676 eundern
453 3635 523 3676 cum
545 3618 665 3695 scripsi,
685 3619 818 3678 eundem
839 3620 1025 3680 etiamnum
1049 3621 1198 3693 remittor,

196 3740 260 3781 non
273 3727 434 3798 tamquam
447 3723 580 3781 eundem
596 3721 674 3798 lego.
718 3723 805 3793 Quod
820 3730 852 3783 te
867 3744 989 3802 qnoque
1004 3731 1040 3784 ut
1054 3725 1153 3786 facias
1167 3731 1199 3785 et
