2782 4164
199 291 263 359 106
624 304 656 357 o.
675 302 777 355 nunu

198 480 371 538 ceterorum
388 482 463 538 sunt
482 474 619 537 minores
637 476 741 554 capite
757 475 902 553 disereti3
926 476 982 538 sed
994 476 1119 538 flumini
1132 479 1204 539 mis

148 652 151 658 ¹
198 587 317 656 oentur,
332 581 414 659 quod
430 587 525 659 ponte
544 580 782 641 transmittitur.
825 583 859 643 Is
873 581 1026 643 terminus
1042 582 1123 643 saori
1136 602 1204 661 pro

199 685 337 764 fanique.
370 687 433 745 -In
466 685 624 764 superiore
653 692 744 764 parte
776 687 925 764 navigare
956 692 1090 764 tantum,
1118 687 1238 749 infrao

173 828 176 836 ·
199 791 294 852 etiam
315 797 424 851 natare
444 809 633 852 conoessum.
676 791 842 852 Balineum
863 791 1069 870 Hispellates,
1090 793 1203 870 quibus

163 895 290 956 sillum
317 895 420 956 looum
444 895 536 957 divus
560 896 724 972 Augustus
749 898 830 957 dono
851 897 949 972 dedit,
972 897 1096 975 publice
1119 917 1204 976 prae

198 1001 283 1076 bont,
295 1001 445 1080 praebent
455 1000 638 1079 hospitium.
667 1002 734 1062 Neo
746 1002 860 1062 desunt
871 1001 976 1078 villae,
988 1021 1068 1080 quae
1080 1009 1203 1063 secutae

198 1105 337 1166 fluminis
359 1105 580 1167 amoenitatem
601 1107 736 1182 margini
757 1105 917 1167 insistunt.
960 1107 1000 1166 In
1015 1127 1144 1183 summa,
1159 1107 1204 1167 ni·
1224 1129 1237 1175 γ

198 1209 246 1271 hil
267 1210 327 1270 erit
351 1228 390 1269 ex
412 1230 473 1288 quo
494 1223 564 1270 ¹non
585 1211 691 1289 capias
713 1210 915 1289 voluptatem.
957 1212 1041 1272 Nam
1062 1212 1203 1274 studebis

199 1334 338 1394 quoque3
361 1315 445 1391 leges
467 1316 569 1375 multa
590 1316 760 1376 multorum
785 1316 928 1378 omnibus
956 1316 1119 1392 columnis,
1142 1338 1204 1378 om·

150 1432 180 1479 10
199 1421 292 1482 nibus
309 1421 482 1499 parietibus
498 1420 659 1498 inscripta,
677 1422 790 1498 quibus
807 1422 880 1482 fons
897 1422 952 1481 ille
972 1422 1110 1500 deusque
1128 1423 1204 1483 oele·

199 1526 316 1586 bratur.
364 1526 463 1585 Plura
490 1526 643 1601 laudabis,
671 1525 823 1586 nonnulla
850 1526 984 1603 ridebis3
1013 1546 1203 1605 quamquam

199 1635 236 1691 tu
250 1649 332 1706 vero,
347 1649 427 1708 quae
441 1636 497 1692 tua
510 1630 698 1706 humanitas,
713 1629 803 1691 nulla
817 1630 943 1691 ridebis.
986 1631 1073 1693 Vale.

599 1901 652 1962 er.
681 1897 799 1981 (xvi.)

435 2067 466 2120 0.
489 2067 634 2118 PLINIUS
657 2067 829 2119 PATERNO
852 2069 920 2121 SUO
943 2068 970 2120 S.

479 2226 584 2288 Pliny's
596 2227 723 2276 kindness
735 2232 762 2276 to
774 2226 815 2276 tis
827 2227 920 2277 slaves.

240 2371 451 2433 Confecerunt
469 2389 518 2430 me
535 2369 735 2431 infirmitates
756 2389 904 2445 meorum,
920 2376 1037 2433 mortes
1052 2371 1156 2449 etlam,
1172 2378 1205 2434 et
1224 2389 1238 2434 1

200 2476 328 2554 quidem
351 2476 507 2535 iuvenum.
551 2474 674 2534 Solacia
698 2474 759 2534 duo
783 2493 981 2553 nequaquam
1005 2477 1096 2554 paria
1115 2483 1204 2538 tauto

152 2590 180 2636 1⁶
201 2580 311 2656 dolori,
340 2581 456 2642 solania
488 2587 609 2640 tamen:
645 2601 743 2640 unum
770 2580 909 2642 faoilitas
944 2583 1203 2660 manumittendi3

201 2686 310 2746 videor
331 2687 414 2746 enim
435 2704 497 2745 non
516 2685 643 2744 omniuo
662 2685 835 2746 inmaturos
851 2687 1026 2764 perdidisse
1045 2708 1122 2765 quos
1141 2688 1204 2749 iem

201 2791 316 2851 liberos
344 2790 484 2869 perdidi3
520 2790 664 2864 alterum,
685 2790 769 2867 quod
789 2791 939 2868 permitto
960 2792 1059 2853 serris
1081 2812 1204 2871 quoque

202 2894 292 2973 quasi
320 2900 510 2954 testamenta
543 2895 646 2954 faeere
681 2912 779 2971 eaque
812 2900 850 2955 ut
883 2895 1026 2973 legitima
1052 2897 1203 2959 custodio.

202 2999 357 3059 Mandant
390 3005 563 3076 rogantque
598 2999 682 3076 quod
715 2999 836 3073 visum3
892 3019 986 3077 pareo
1021 3007 1056 3060 ut
1091 3001 1240 3068 iussusr

151 3111 182 3158 ao
202 3103 368 3176 Dividunt,
399 3100 525 3177 donant,
557 3103 722 3179 relincunt,
755 3104 921 3164 dumtaxat
956 3104 1041 3165 intra
1070 3106 1205 3167 domum.

201 3209 285 3268 Nam
303 3206 403 3268 servis
423 3225 473 3266 res
490 3205 617 3283 publica
633 3205 784 3281 quaedam
805 3211 838 3265 et
853 3206 944 3283 quasi
963 3207 1076 3269 civitas
1095 3209 1206 3270 domus

202 3319 259 3374 est.
303 3312 364 3372 Sed
387 3329 576 3387 quamquam
600 3309 652 3370 his
677 3309 801 3370 solaciis
822 3311 1032 3388 adquiescam‚
1058 3313 1206 3374 debilitor
1225 3331 1241 3376 3

203 3423 236 3478 et
249 3417 378 3493 frangor
392 3416 500 3476 eadem
515 3414 572 3475 illa
589 3415 786 3475 humanitate
801 3434 881 3492 quae
902 3435 952 3476 me
972 3422 1009 3475 ut
1029 3418 1088 3477 boo
1102 3418 1206 3496 ipsum

203 3522 417 3601 permitterem
429 3520 563 3580 induxit.
606 3521 679 3579 Non
694 3520 765 3579 ideo
776 3526 881 3580 tamen
897 3521 991 3581 velim
1006 3522 1113 3582 durior
1127 3523 1204 3583 fieri.

154 3638 184 3684 ro
203 3628 271 3687 Neo
298 3626 407 3702 ignoro
431 3625 510 3685 alios
534 3625 687 3685 eiusmodi
712 3643 803 3685 ossus
833 3625 915 3685 nihil
935 3625 1071 3704 amplius
1095 3646 1205 3687 vocare

204 3751 299 3810 quam
319 3731 467 3811 damnum
485 3748 583 3807 eoque
604 3729 665 3790 sibi
686 3749 815 3808 magnos
835 3729 977 3792 homines
996 3737 1029 3791 et
1048 3731 1206 3810 sapientes
