2782 4164
217 285 260 349 24
307 231 313 244 Β
643 298 675 352 c.
693 300 794 351 mnu

217 469 344 547 piscem,
359 470 443 530 feras
465 470 563 531 silvae
584 471 697 549 quibus
719 471 805 533 lacus
826 472 972 548 cingitur,
988 472 1094 534 studia
1107 473 1221 535 altissi-

216 594 286 634 mus
313 574 373 635 iste
401 594 539 637 secessus
567 576 699 637 adfatim
722 584 900 654 suggerunt.
945 578 1007 638 Sed
1028 578 1095 640 sive
1116 579 1255 643 omniaa

217 678 310 740 simul
336 680 401 740 sive
425 680 547 758 aliquid
568 681 658 757 facis,
679 701 741 741 non
767 702 893 761 possum
916 684 1018 743 dicere
1041 684 1217 745 ‘invideo':

216 803 312 861 angor
336 790 441 845 tamen
461 805 525 845 non
545 792 577 846 et
597 786 678 846 mihi
698 786 792 847 licere
813 807 892 866 quae
914 788 958 848 sic
979 789 1163 867 concupisco
1183 794 1220 849 ut

181 901 196 946 c
216 889 301 966 aegri
314 890 433 966 vinum,
444 891 577 967 balinea,
589 892 702 952 fontes.
737 893 959 971 Numquamne
973 894 1030 953 hos
1045 894 1220 955 artissimos

215 993 352 1072 laqueos,
381 996 408 1055 si
440 994 561 1056 solvere
595 1003 735 1074 negatur,
764 998 973 1076 abrumpam?
1028 999 1255 1077 Numquam,3

86 1175 96 1189 ·
215 1105 299 1176 puto.
354 1100 438 1160 Nam
465 1101 623 1161 veteribus
657 1101 791 1178 negotiis
825 1122 907 1163 nova
940 1103 1133 1179 adcrescunt,
1162 1122 1219 1164 nec

214 1208 320 1264 tamen
341 1204 445 1283 priora
464 1212 672 1284 peraguntur:
701 1213 749 1267 tot
769 1207 910 1283 nexibus,
925 1213 973 1267 tot
987 1208 1078 1285 quasi
1098 1209 1218 1269 catenis

131 1289 137 1304 “
215 1307 316 1370 maius
330 1309 365 1368 in
378 1309 446 1370 dies
460 1311 699 1389 occupationum
714 1331 826 1388 agmen
839 1313 1028 1372 extenditur.
1071 1313 1159 1375 Vale.

631 1537 684 1597 22.
712 1536 799 1617 (rx.)

376 1692 382 1705 '
423 1694 454 1746 O.
478 1696 621 1746 PLINIUS
644 1696 868 1746 APOLLINARI
891 1696 958 1747 SUO
981 1696 1007 1748 S.

378 1813 433 1864 Tte
445 1815 592 1876 candidata
604 1814 637 1877 os
644 1815 762 1863 Erucius
768 1814 818 1877 sor
828 1814 872 1863 tte
883 1814 1057 1876 tribunatio

166 1959 195 2005 10
254 1945 394 2004 Anxium
408 1965 457 2005 me
472 1953 504 2006 et
518 1945 691 2023 inquietum
708 1945 803 2004 habet
818 1944 929 2022 petitio
940 1945 1029 2004 Sexti
1040 1944 1136 2004 Eruci
1147 1945 1217 2006 mei.
1239 1962 1252 2008 1

213 2050 354 2110 Adfioior
362 2070 437 2110 cura
448 2056 479 2110 et
490 2069 583 2128 quam
595 2069 650 2128 pro
663 2068 711 2108 me
722 2049 967 2109 sollicitudinem
978 2069 1041 2109 non
1053 2050 1116 2109 adii
1128 2051 1219 2127 quasi

214 2175 271 2234 pro
285 2174 334 2215 me
349 2155 448 2215 altero
462 2156 581 2232 patior;
603 2160 635 2214 et
650 2154 768 2231 alioqui
788 2173 875 2213 meus
896 2155 1005 2231 pudor,
1024 2173 1093 2214 mea
1114 2155 1219 2216 existi-

214 2260 319 2335 mati0,
335 2278 405 2320 mea
419 2260 557 2335 dignitas
578 2260 611 2318 in
633 2259 802 2319 discrimen
819 2259 991 2319 adducitur.
1034 2260 1101 2336 Ego
1124 2260 1218 2320 Sexto
1238 2271 1254 2316 a

213 2365 313 2426 latum
327 2365 451 2424 clavum
466 2365 624 2426 aCaesare
639 2369 755 2439 nostro,
766 2382 822 2439 ego
837 2369 1036 2440 quaesturam
1050 2364 1217 2441 inpetravi,

165 2480 194 2527 15
213 2489 282 2530 meo
298 2470 446 2545 suffragio
461 2469 604 2547 pervenit
625 2469 665 2527 ad
685 2467 734 2527 ius
756 2468 951 2536 tribunatum
971 2469 1106 2545 petendi,
1124 2488 1218 2546 quem

213 2575 276 2634 nisi
304 2575 426 2634 obtinet
453 2573 487 2632 in
516 2579 635 2646 senatu,
664 2591 772 2631 vereor
799 2591 837 2631 ne
866 2572 1024 2649 decepisse
1054 2573 1218 2633 Caesarem

213 2680 330 2739 videar.
378 2678 514 2739 Proinde
543 2677 750 2737 adnitendum
778 2682 825 2735 est
853 2677 932 2735 mihi
958 2681 994 2735 ut
1022 2677 1116 2736 talem
1146 2692 1254 2738 eume

214 2784 353 2844 iudicent
388 2802 503 2858 omnes,
533 2783 656 2860 qualem
686 2800 752 2842 esse
780 2781 925 2859 princeps
960 2781 1038 2839 mihi
1073 2782 1215 2843 credidit.

213 2890 298 2960 Quae
325 2907 419 2949 causa
447 2888 474 2948 si
503 2888 642 2948 studium
670 2905 774 2945 meum
801 2905 863 2944 non
890 2885 1045 2959 incitaret,
1074 2887 1217 2946 adiutum

164 3006 194 3052 ao
213 2999 318 3052 tamen
333 3012 477 3070 cuperem
497 2992 642 3051 iuvenem
663 2990 891 3068 probissimum,
908 2989 1136 3064 gravissimum,
1152 3010 1219 3051 eru·

213 3098 415 3172 ditissimum,
430 3097 515 3156 omni
530 3097 664 3174 denique
686 3095 778 3154 laude
800 3093 1028 3169 dignissimum,
1044 3100 1075 3154 et
1089 3095 1217 3171 quidem

213 3221 283 3262 cum
298 3209 365 3262 tota
380 3203 478 3261 domo.
521 3203 604 3261 Nam
627 3205 715 3277 pater
737 3199 765 3257 ei
787 3198 919 3257 Erucius
935 3198 1054 3274 Clarus,
1069 3199 1118 3257 vir
1133 3219 1217 3261 sanc
1236 3214 1252 3258 4

212 3312 274 3380 tus,
290 3305 421 3379 anticus,
437 3305 583 3378 disertus,
599 3308 693 3379 atque
707 3302 741 3360 in
755 3303 885 3377 agendis
900 3303 1002 3363 causis
1016 3303 1216 3381 exercitatus,

213 3428 290 3486 quas
306 3427 427 3468 summa
443 3408 513 3481 fide,
529 3406 598 3484 pari
617 3403 802 3477 constantia,
818 3422 874 3463 nec
890 3407 1076 3466 verecundia
1097 3407 1216 3470 minore

164 3512 364 3571 adelendis.
421 3513 527 3572 Habet
556 3510 742 3570 avunculum
773 3509 805 3568 C.
836 3508 1016 3586 Septicium,
1046 3531 1107 3588 quo
1135 3514 1216 3573 nihil

213 3617 326 3691 verius,
352 3617 433 3676 nihil
462 3616 645 3694 simplicius,
671 3613 752 3672 nihil
781 3613 953 3687 candidius,
982 3615 1062 3673 nibil
1090 3617 1216 3679 fidelius

213 3721 295 3781 novi.
338 3722 452 3784 Omnes
477 3740 527 3781 me
551 3720 695 3780 certatim
710 3723 752 3778 ‘et
776 3724 882 3777 tamen
906 3719 1078 3795 aequaliter
1099 3729 1215 3799 amant,
1237 3737 1252 3782 c
