2782 4164
537 319 800 371 urlsrunsnuu
823 320 858 370 11.
879 319 919 372 u.
1185 306 1226 369 31

225 493 280 570 qui
298 492 442 553 nubilum
462 492 617 552 inducunt
635 498 667 551 et
686 510 831 552 serenum
849 496 923 550 ante
942 508 1035 568 quam
1053 508 1145 550 usum
1165 488 1227 548 loci

189 613 205 658 8
225 597 372 674 eripiunt.
411 597 601 657 Adnectitur
621 596 736 672 angulo
756 596 934 656 cubiculum
955 594 989 654 in
1009 594 1144 671 hapsida
1162 613 1228 653 cur-

225 709 342 779 vatum,
364 703 449 780 quod
469 702 621 762 ambitum
644 703 720 762 solis
740 701 890 761 fenestris
911 700 1053 760 omnibus
1075 699 1224 776 sequitur.

224 807 344 868 Parieti
363 808 431 869 eius
449 807 482 867 in
502 807 709 868 bibliothecae
731 807 866 885 speciem
885 805 1053 866 armarium
1073 805 1226 865 insertum

188 923 205 968 9
225 918 281 988 est,
297 913 381 990 quod
397 930 460 972 non
477 912 625 988 legendos
644 912 741 972 libros
757 913 811 972 sed
826 911 1013 971 lectitandos
1028 909 1121 986 capit.
1163 908 1227 968 Ad·
1245 920 1260 965 t

224 1017 333 1077 haeret
353 1018 571 1078 dormitorium
593 1017 766 1077 membrum
787 1017 925 1076 transitu
942 1014 1155 1088 interiacente,
1171 1013 1226 1090 qui

225 1141 394 1201 suspensus
412 1119 444 1182 et
464 1122 628 1183 tubulatus
647 1128 831 1200 conceptum
850 1140 996 1199 vaporem
1016 1119 1134 1180 salubri
1150 1124 1226 1179 tem·

224 1233 405 1306 peremento
423 1227 485 1287 huc
501 1227 578 1286 illuc
599 1227 715 1303 digerit
736 1233 769 1286 et
789 1227 956 1287 ministret.
998 1224 1136 1301 Reliqua
1153 1242 1225 1301 pars

223 1332 332 1392 lateris
352 1332 446 1394 huius
469 1351 627 1393 servorum
655 1331 900 1407 libertorumque
925 1329 1032 1390 usibus
1057 1329 1224 1404 detinetur,

172 1449 204 1497 10
223 1437 382 1515 plerisque
398 1443 463 1497 tam
485 1437 612 1497 mundis
628 1442 664 1496 ut
681 1436 821 1513 accipere
841 1434 982 1512 hospites
1003 1434 1132 1520 possint.
1175 1435 1225 1492 Ex
1246 1446 1273 1492 lu

223 1541 286 1602 alio
300 1542 397 1601 latere
412 1541 590 1602 cubiculum
601 1547 649 1602 est
658 1541 899 1619 politissimum,
918 1539 1031 1599 deinde
1043 1539 1093 1599 vel
1104 1537 1226 1599 cubicu-

223 1646 290 1706 lum
312 1647 429 1722 grande
448 1646 497 1706 vel
509 1625 640 1706 ⁴modica
661 1646 793 1721 cenatio,
811 1663 891 1723 quae
912 1643 1047 1722 plurimo
1069 1644 1142 1718 sole,
1159 1643 1226 1720 plu-

223 1751 303 1810 rimo
321 1753 401 1811 mari
422 1751 522 1828 lucet;
545 1751 718 1828 posthanc
740 1751 916 1810 cubiculum
937 1768 1007 1809 cum
1031 1754 1223 1826 procoetone,

222 1856 392 1917 altitudine
422 1857 586 1931 aestivum,
611 1857 814 1918 munimentis
844 1856 1025 1916 hibemum:
1062 1861 1110 1914 est
1139 1854 1223 1913 enim

223 1961 410 2021 subductum
425 1961 568 2022 omnibus
583 1962 695 2022 ventis.
738 1961 823 2021 Huic
837 1960 979 2020 cubiculo
998 1959 1085 2018 aliud
1105 1964 1137 2018 et
1158 1978 1225 2036 pro
1244 1974 1272 2019 15

172 2079 200 2126 11
222 2071 332 2125 coeton
352 2066 509 2127 communi
530 2066 649 2142 pariete
670 2066 849 2141 iunguntur.
906 2065 986 2123 Inde
1007 2063 1123 2123 balinei
1145 2063 1224 2123 cella

222 2170 388 2247 frigidaria
408 2171 546 2248 spatiosa
567 2177 599 2230 et
619 2171 727 2244 effusa,
749 2171 838 2230 cuius
859 2171 892 2228 in
913 2169 1078 2229 contrariis
1099 2169 1224 2246 parieti-

221 2276 280 2336 bus
297 2276 359 2336 duo
376 2275 561 2353 baptisteria
582 2276 668 2335 velut
689 2276 788 2335 eiecta
808 2276 982 2349 sinuantur,
998 2273 1120 2333 abunde
1136 2293 1224 2351 capa-

221 2379 279 2455 cia,
302 2380 329 2440 si
356 2399 441 2440 mare
469 2380 503 2439 in
524 2380 666 2458 proximo
694 2381 818 2456 cogites.
875 2379 1008 2439 Adiacet
1035 2379 1222 2454 unctorium,

221 2485 447 2563 hypocauston,
469 2485 591 2545 adiacet
611 2484 805 2562 propnigeon
826 2483 952 2559 balinei,
973 2503 1046 2542 mox
1067 2484 1146 2543 duae
1165 2484 1223 2542 cel·
1242 2500 1272 2546 20

221 2590 271 2649 lae
291 2589 391 2665 magis
412 2590 571 2665 elegantes
592 2608 685 2667 quam
708 2594 924 2666 sumptuosae:
955 2589 1100 2648 cohaeret
1120 2588 1223 2648 calida

169 2709 200 2754 12
220 2695 343 2773 piscina
363 2694 503 2769 mirifica,
533 2713 572 2753 ex
600 2713 663 2771 qua
688 2700 834 2754 natantes
861 2713 945 2753 mare
973 2694 1139 2771 aspiciunt,
1165 2712 1222 2753 neo

220 2799 328 2878 procul
357 2799 623 2876 sphaeristerium,
652 2800 735 2876 quod
765 2799 956 2859 calidissimo
984 2798 1043 2859 soli
1071 2798 1222 2858 inclinato

219 2905 284 2963 iam
305 2903 356 2964 die
377 2903 519 2963 occurrit.
570 2904 634 2962 Hic
655 2904 752 2964 turris
774 2904 913 2979 erigitur,
937 2904 994 2963 sub
1016 2922 1078 2980 qua
1100 2904 1221 2963 diaetae

220 3010 309 3084 duae,
324 3008 456 3068 totidem
470 3008 505 3066 in
519 3007 596 3085 ipsa,
612 3015 773 3085 praeterea
787 3009 918 3083 cenatio,
935 3026 1013 3085 quae
1031 3008 1221 3069 latissimum
1241 3024 1270 3070 25

219 3132 314 3188 mare,
336 3113 554 3189 longissimum
575 3113 660 3188 litus,
682 3114 775 3173 villas
803 3113 1039 3174 amoenissimas
1059 3113 1219 3191 prospicit.

168 3217 1221 3296 wwmmmwmmfflmwmwfflmmr

189 3307 192 3312 ¹
218 3322 441 3400 conditurque:
476 3322 543 3382 lata
563 3328 635 3399 post
657 3323 808 3400 apotheca
828 3328 860 3381 et
880 3323 1041 3382 horreum:
1078 3324 1135 3382 sub
1162 3323 1220 3381 hoc

218 3427 401 3503 triclinium,
417 3427 500 3505 quod
521 3428 639 3487 turbati
661 3429 757 3488 maris
778 3447 840 3487 non
861 3428 924 3488 nisi
945 3429 1099 3504 fragorem
1123 3435 1155 3488 et
1176 3447 1220 3488 so

217 3552 293 3591 num
320 3532 450 3610 patitur,
478 3551 611 3609 eumque
639 3533 701 3592 iam
736 3533 919 3607 languidum
949 3539 981 3592 et
1008 3533 1218 3609 desinentem3
1240 3550 1268 3596 30

216 3637 343 3695 hortum
378 3642 410 3696 et
444 3637 649 3712 gestationem
677 3638 775 3711 videt,
804 3656 867 3714 qua
901 3637 1010 3697 hortus
1038 3637 1217 3696 includitur.

164 3758 196 3805 14
217 3740 364 3802 Gestatio
378 3741 461 3801 buxo
483 3746 538 3801 aut
558 3760 627 3800 rore
648 3742 778 3816 marino,
795 3741 849 3801 ubi
869 3741 976 3801 deficit
993 3742 1103 3817 buxus,
1126 3742 1220 3802 ambi-
