2782 4164
485 277 748 328 nnsrunnuuu
772 277 821 327 111.
842 278 883 328 21.
1142 265 1184 331 53

180 451 440 526 decucurrerunt3
463 451 546 528 quod
562 449 689 509 interim
711 449 804 527 plane
826 448 997 509 remedium
1015 449 1093 509 fuit:
1116 455 1185 511 erat

142 571 158 617 ⁸
180 557 264 615 enim
283 575 399 616 novum
413 561 446 615 et
460 555 606 623 subitum.
651 555 713 614 Sed
729 573 835 613 vereor
849 573 888 613 ne
903 555 1090 631 procedente
1111 560 1185 614 tern-

180 679 254 739 pore
275 679 314 720 ex
335 660 404 738 ipso
425 661 563 720 remedio
579 660 656 719 vitia
678 665 853 719 nascantur.
896 660 955 721 Est
969 659 1052 717 euim
1068 660 1185 737 pericu-

180 766 245 825 lum
260 784 299 825 ne
314 765 420 826 tacitis
435 764 594 840 suffragiis
610 764 796 842 inpudentia
816 764 948 841 inrepat.
991 765 1074 823 Nam
1088 771 1184 842 quoto

141 886 158 932 9
180 872 292 948 cuique
303 871 411 931 eadem
423 870 597 930 honestatis
609 889 684 930 cura
695 877 813 930 secreto
824 888 903 948 quae
915 871 1019 947 palam
1031 872 1046 929 ?
1086 870 1184 931 Multi
1202 883 1218 928 c

180 978 308 1052 famam,
322 976 544 1036 conscientiam
560 976 651 1054 pauci
668 984 821 1035 verentur.
866 976 927 1035 Sed
944 976 1039 1035 nimis
1060 975 1123 1035 cito
1144 977 1183 1035 de

180 1083 312 1142 futuris:
339 1082 464 1142 interim
489 1082 639 1141 beneficio
660 1081 844 1141 tabellarum
868 1081 1051 1141 habebimus
1073 1084 1183 1159 magis-

180 1194 282 1248 tratus
304 1188 359 1266 qui
383 1189 519 1248 maxime
540 1188 608 1248 fieri
633 1189 816 1248 debuerunt.
858 1190 941 1248 Nam
961 1195 997 1248 ut
1016 1188 1049 1247 in
1070 1189 1186 1266 recipe*

180 1293 306 1353 rateriis
331 1293 456 1353 iudiciis
485 1294 529 1353 sic
556 1313 613 1353 nos
642 1294 674 1352 in
702 1294 753 1353 his
780 1293 915 1353 comitiis
941 1294 1031 1370 quasi
1055 1301 1183 1371 repente

127 1407 160 1453 10
180 1398 368 1476 adprehensi
397 1398 510 1459 sinceri
539 1399 659 1458 iudices
688 1399 815 1459 fuimus.
858 1399 946 1459 Haec
974 1399 1032 1457 tibi
1062 1400 1182 1476 scripsi,
1205 1412 1231 1457 lu

179 1507 325 1585 primum,
347 1513 384 1568 ut
404 1508 525 1586 aliquid
546 1510 619 1569 novi
641 1511 816 1583 scriberem,
832 1510 953 1583 deinde,
968 1514 1004 1567 ut
1021 1528 1083 1567 non
1097 1527 1184 1567 num-

180 1630 274 1688 quam
289 1613 328 1672 de
343 1631 375 1673 re
391 1613 516 1691 publica
529 1615 680 1692 loquerer,
696 1615 784 1674 cuius
798 1614 946 1673 materiae
961 1613 1051 1672 nobis
1066 1619 1183 1690 quanto

179 1717 279 1776 rarior
297 1737 392 1795 quam
411 1719 568 1779 veteribus
583 1721 703 1779 occasio
717 1726 806 1779 tanto
820 1719 923 1778 minus
938 1718 1112 1777 omittenda
1126 1723 1181 1776 est.

127 1829 158 1875 11
179 1822 222 1881 Et
249 1822 375 1882 hercule
403 1842 564 1901 quousque
589 1825 646 1884 illa
668 1825 809 1899 vulgaria
833 1824 927 1901 ‘quid
949 1823 1042 1899 agis?
1070 1823 1183 1899 ecquid

179 1927 339 1986 commode
355 1926 486 1988 vales?’
526 1930 675 1989 Habeant
696 1936 819 1988 nostrae
842 1947 964 2006 quoque
986 1928 1110 1987 litterae
1130 1927 1183 1986 ali·
1203 1938 1232 1984 15

180 2031 257 2108 quid
271 2051 335 2091 non
348 2032 467 2092 humile
489 2052 545 2093 nec
568 2035 728 2094 sordidum
750 2053 807 2093 nec
828 2032 960 2110 privatis
979 2032 1069 2092 rebus
1088 2032 1183 2090 inclu-

128 2141 160 2186 12
181 2154 259 2196 sum.
303 2137 383 2212 Sunt
410 2138 536 2214 quidem
564 2145 677 2198 cuncta
698 2139 755 2199 sub
777 2138 870 2198 unius
892 2137 1030 2208 arbitrio,
1051 2136 1105 2214 qui
1126 2155 1182 2214 pro

180 2240 321 2300 utilitate
335 2243 492 2302 communi
507 2243 591 2304 solus
606 2243 743 2303 omniurn
768 2262 857 2302 curas
879 2242 1061 2319 laboresque
1084 2260 1184 2302 susce·

180 2345 246 2423 pit;
268 2345 396 2424 quidam
411 2354 517 2407 tamen
534 2349 653 2408 salubri
674 2353 920 2426 temperamento
935 2348 973 2406 ad
989 2367 1044 2407 nos
1060 2365 1182 2424 quoque

180 2450 268 2510 velut
289 2451 351 2510 rivi
372 2471 411 2512 ex
432 2451 488 2512 illo
508 2453 734 2530 benignissimo
751 2454 839 2513 fonte
860 2453 1037 2525 decurrunt,
1053 2471 1129 2529 quos
1151 2457 1183 2510 et
1202 2465 1232 2510 20

180 2553 307 2615 haurire
320 2556 384 2635 ipsi
398 2563 430 2616 et
444 2559 626 2619 absentibus
646 2558 755 2619 amicis
770 2557 860 2637 quasi
874 2556 1053 2617 ministrare
1068 2556 1183 2635 epistu-

181 2657 221 2721 lis
235 2679 409 2739 possumus.
450 2662 537 2724 Vale.
1175 2646 1181 2649 ”

581 2843 634 2902 41„
663 2840 781 2919 (xxi.)

337 2999 367 3051 Ο.
390 3000 534 3051 PLINIUS
557 3000 737 3051 CORNELIO
759 2999 887 3050 PRISCO
909 3000 977 3050 SUO
1001 3000 1028 3050 S.

286 3145 427 3197 Murtial’s
438 3148 517 3197 death
524 3160 535 3211 ,·
552 3162 588 3198 cc
601 3149 719 3210 epiorum
732 3148 764 3209 os
771 3147 814 3197 his
825 3149 854 3197 ic
870 3147 974 3208 Plinp's
985 3148 1077 3196 honor.

145 3300 159 3346 1
221 3289 326 3349 Audio
340 3290 498 3351 Valerium
522 3271 701 3351 Martialem
723 3292 893 3352 decessisse
909 3298 940 3351 et
955 3291 1083 3351 moleste
1105 3292 1180 3350 fero.

179 3395 258 3454 Erat
281 3395 374 3455 homo
396 3396 576 3472 ingeniosus
597 3403 707 3457 acutus
728 3417 807 3471 acer,
829 3402 861 3456 et
882 3397 937 3474 qui
958 3396 1127 3474 plurimum
1149 3396 1183 3454 in

180 3499 344 3560 scribendo
365 3506 398 3560 et
419 3501 493 3562 salis
516 3502 645 3562 haberet
665 3509 698 3561 et
718 3502 804 3562 fellis
825 3521 882 3562 nec
903 3502 1047 3562 candoris
1069 3502 1180 3560 minus.
1202 3513 1231 3558 25

144 3611 159 3656 2
179 3605 368 3666 Prosecutus
383 3624 466 3665 eram
483 3607 598 3667 viatico
620 3607 832 3667 secedentem:
863 3608 1008 3667 dederam
1029 3607 1088 3665 hoc
1110 3605 1183 3665 ami-

179 3709 282 3785 citiae,
298 3710 445 3770 dederam
467 3711 562 3772 etiam
584 3712 748 3772 versiculis
770 3732 847 3791 quos
870 3714 907 3773 de
929 3731 977 3771 me
998 3711 1181 3789 composuit.
