2782 4164
218 294 259 359 96
642 305 673 358 o.
695 306 796 357 mnu
895 300 898 305 ’
1011 326 1017 339 ·

217 483 393 561 Utramque
407 480 498 557 colui,
510 487 675 560 utramque
686 482 800 559 dilexi3
815 487 919 543 utram
929 482 1029 559 magis
1039 481 1152 558 nescio,
1163 499 1222 542 nec
1242 495 1271 542 10

217 585 353 648 discerni
374 585 530 647 volebant.
573 587 763 648 Habuerunt
784 586 885 647 officia
908 606 978 647 mea
1004 587 1038 646 in
1066 587 1220 663 secundis,

216 691 394 752 habueer
414 691 448 750 in
469 691 618 752 adversis.
661 692 729 769 Ego
753 691 903 752 solacium
926 692 1142 769 relegatorum,
1164 710 1222 768 ego

215 796 300 856 ultor
320 815 532 872 reversorum3
554 815 617 856 non
633 797 697 857 feci
713 802 819 856 tamen
835 796 933 874 paria,
949 802 1043 875 atque
1063 815 1100 856 eo
1120 796 1221 881 magis

63 897 66 902 '
181 912 196 958 5
216 901 297 961 hanc
318 901 409 978 cupio
430 901 557 976 servari,
575 907 611 961 ut
629 901 709 961 mihi
728 901 871 962 solvendi
891 907 1032 980 tempora
1052 901 1219 979 supersint

216 1006 257 1065 In
277 1005 328 1066 his
349 1023 433 1065 eram
456 1005 549 1081 curis,
571 1024 642 1066 cum
666 1006 831 1066 scriberem
854 1006 894 1066 ad
915 1011 966 1082 te;
995 1023 1074 1083 quas
1095 1004 1122 1065 si
1143 1005 1220 1066 deus
1240 1021 1268 1067 11

215 1110 332 1189 aliquis
346 1109 544 1186 ingaudium
558 1110 698 1186 verterit,
719 1111 757 1170 de
777 1115 865 1170 metu
884 1129 947 1170 non
968 1128 1089 1189 querar.
1131 1109 1218 1171 Vale.

626 1329 680 1392 eo.
708 1327 808 1410 (xm)

421 1549 423 1554 μ
468 1475 499 1528 C.
523 1474 669 1526 PLINIUS
691 1474 826 1526 TACITO
850 1474 918 1526 SUO
941 1475 968 1527 S.

328 1611 487 1674 [attrectes
495 1611 577 1671 Pliny
589 1610 645 1661 ond
660 1609 768 1660 Tacitus
784 1609 815 1660 in
826 1609 890 1663 eost
902 1609 1000 1662 otler’s
1010 1610 1105 1660 words.

255 1743 387 1804 Librum
406 1748 496 1803 tuum
517 1741 581 1817 legi
601 1746 633 1801 et
654 1759 748 1818 quam
769 1740 1010 1818 diligentissime
1024 1740 1113 1819 potui
1127 1741 1253 1802 aduc-1

214 1849 283 1910 tavi
296 1867 377 1926 quae
390 1846 619 1920 commutanda,
635 1864 715 1923 quae
732 1845 898 1906 eximenda
916 1845 1093 1906 arbitrarer.
1134 1846 1219 1906 Nam

167 1966 197 2014 10
215 1959 248 2014 et
262 1972 319 2029 ego
334 1970 441 2013 verum
456 1951 559 2012 dicere
574 1951 704 2011 adsuevi
714 1956 746 2010 et
756 1956 792 2010 tu
803 1951 937 2011 libenter
948 1951 1064 2011 audire.
1106 1952 1219 2029 Neque

215 2058 300 2119 enim
322 2057 380 2117 ulli
401 2056 575 2135 patientius
596 2056 866 2134 reprehenduntur
888 2075 983 2134 quam
1005 2056 1060 2134 qui
1082 2057 1219 2117 maxime

215 2162 339 2224 laudari
352 2167 519 2222 merentur.
561 2161 654 2220 Nunc
669 2165 732 2220 ate
747 2160 861 2220 librum
878 2146 982 2220 meum
1003 2180 1073 2220 oum
1092 2161 1221 2222 adnota-

215 2268 354 2328 tionibus
378 2267 443 2327 tuis
468 2271 622 2343 exspecto.
665 2265 874 2341 Oiucundas,
903 2284 921 2325 o
947 2265 1094 2343 pulchras
1116 2265 1253 2327 vicesis

215 2372 316 2443 Quam
335 2390 385 2431 me
406 2370 543 2431 delectat
561 2369 654 2447 quod,
670 2369 698 2429 si
716 2389 779 2447 qua
798 2370 931 2448 posteris
952 2389 1027 2431 cura
1046 2371 1156 2446 nostri,
1170 2390 1220 2432 us·

167 2487 195 2533 1⁶
215 2493 400 2554 quequaque
433 2474 612 2534 narrabitur
639 2492 702 2551 qua
728 2474 894 2534 concordia
920 2474 1122 2552 simplicitate
1155 2474 1218 2536 fide

215 2580 404 2641 vixerimus!
445 2578 518 2638 Erit
538 2597 649 2654 rarum·
664 2584 695 2638 et
716 2577 839 2654 insigne
859 2579 938 2639 duos
958 2579 1100 2640 homines
1115 2586 1253 2644 aetates

215 2685 369 2763 dignitate
396 2683 619 2762 propemodum
644 2682 798 2760 aequales,
819 2702 883 2743 non
905 2683 1026 2744 nullius
1046 2684 1080 2744 in
1100 2683 1218 2748 litteris

214 2789 349 2850 nominis
372 2787 477 2868 (cogor
497 2788 582 2848 enim
603 2788 642 2847 de
662 2793 694 2847 te
715 2806 838 2866 quoque
859 2789 984 2866 parcius
1008 2789 1120 2865 dicere,
1143 2790 1219 2869 quia

215 2895 253 2955 de
268 2912 318 2953 me
332 2892 427 2954 simul
441 2891 535 2974 dico),
547 2892 680 2952 alterum
694 2892 824 2953 alterius
836 2893 942 2953 studia
955 2893 1080 2954 fovisse.
1123 2894 1218 2972 Equi·
1236 2907 1252 2952 4

165 3015 196 3062 no
215 3001 284 3059 dem
300 2996 563 3071 adulescentulus,
578 3015 648 3056 cum
666 2996 730 3057 iam
749 3003 785 3057 tu
802 2997 888 3057 fama
906 2997 1067 3076 gloriaque
1081 2997 1216 3074 floreres,

214 3110 246 3164 te
274 3102 372 3180 sequi,
393 3101 454 3161 tibi
474 3101 566 3178 longo
587 3101 642 3162 sed
662 3101 824 3179 proximus
852 3102 1019 3162 intervallo
1040 3108 1073 3163 et
1093 3122 1161 3164 esse
1185 3109 1218 3164 et

213 3207 322 3268 haberi
343 3205 607 3283 concupiscebam.
650 3207 693 3265 Et
714 3212 803 3266 erant
823 3206 924 3266 multa
944 3206 1118 3268 clarissima
1134 3207 1219 3284 inge

213 3313 284 3373 nia:
306 3311 362 3372 sed
375 3316 412 3370 tu
425 3310 504 3369 mihi
521 3309 580 3388 (ita
594 3309 769 3371 similitudo
782 3316 912 3371 naturae
929 3311 1065 3394 ferebat)
1081 3312 1217 3373 maxime

213 3415 387 3490 imitabilis,
423 3415 558 3475 maxime
592 3414 765 3475 imitandus
792 3415 957 3476 videbaris.
1014 3417 1082 3488 Quo
1115 3417 1251 3495 magist

164 3546 194 3592 25
213 3521 333 3598 gaudeo
354 3519 448 3597 quod,
466 3519 493 3578 si
514 3518 585 3597 quis
607 3519 644 3578 de
666 3519 780 3580 studiis
802 3538 911 3595 sermo,
925 3539 989 3580 una
1008 3520 1215 3598 nominamur,

212 3626 298 3705 quod
312 3625 350 3684 de
364 3630 395 3684 te
409 3623 609 3701 loquentibus
631 3623 740 3683 statim
760 3643 894 3684 occurro.
936 3625 968 3684 N
970 3643 1004 3685 ec
1026 3625 1141 3687 desunt
1161 3627 1217 3705 qui

211 3730 338 3811 utrique
365 3733 507 3789 nostrum
534 3727 761 3808 praeferantm.
805 3729 867 3790 Sed
890 3748 957 3804 nos,
978 3730 1060 3790 nihil
1084 3731 1252 3794 interesto
