2782 4164
503 752 646 840 ursin
677 773 925 841 surrruus.

644 992 697 1054 ⁷⁵
724 989 790 1071 (V·)

402 1149 432 1203 c.
455 1149 599 1201 rnnuus
622 1150 860 1202 canrunumn
884 1149 979 1203 suan
1000 1149 1028 1204 s.

619 1295 646 1346 Δ
658 1298 714 1347 love
727 1298 810 1348 letter.

254 1439 443 1501 Incredibile
464 1445 514 1501 est
527 1446 649 1517 quanto
669 1439 826 1501 desiderio
842 1440 890 1500 tui
908 1446 1023 1501 tenear.
1066 1441 1107 1501 In
1123 1460 1219 1504 causa
1238 1453 1252 1499 1

213 1564 300 1606 amor
327 1545 472 1623 primum,
501 1545 614 1605 deiude
642 1545 726 1623 quod
756 1564 820 1605 non
846 1546 1064 1607 consuevimus
1099 1547 1216 1608 abesse.

213 1650 292 1709 Inde
307 1655 356 1711 est
374 1651 457 1729 quod
478 1669 624 1726 magnam
644 1649 784 1711 noctium
805 1657 927 1728 partem
948 1652 981 1711 in
1002 1651 1141 1728 imagine
1162 1658 1219 1712 tua

213 1754 291 1831 vigil
305 1754 405 1830 exigo,
420 1754 494 1814 inde
508 1755 591 1832 quod
611 1754 751 1825 interdiu
761 1755 874 1832 quibus
889 1755 975 1816 horis
986 1761 1017 1816 te
1029 1755 1130 1816 visere
1142 1756 1219 1818 sole-

178 1868 194 1914 o
212 1860 285 1921 bam
299 1860 339 1920 ad
353 1859 491 1920 diaetam
504 1865 591 1919 tuam
601 1859 664 1937 ipsi
678 1877 737 1936 me,
752 1866 788 1920 ut
803 1861 966 1921 verissime
980 1860 1106 1938 dicitur,
1120 1862 1217 1940 pedes

213 1964 341 2040 ducunt,
356 1964 439 2043 quod
453 1963 588 2042 denique
603 1982 694 2041 aeger
708 1969 741 2024 et
754 1971 894 2025 maestus
911 1984 946 2025 ac
961 1965 1074 2026 similis
1089 1967 1218 2027 excluso

212 2087 231 2129 a
257 2087 356 2129 vacuo
382 2067 491 2128 limine
520 2069 638 2128 recedo.
694 2070 804 2130 Unum
831 2075 954 2147 tempus
979 2069 1030 2130 his
1050 2071 1217 2132 tormentis

212 2180 306 2250 caret,
325 2192 387 2251 quo
407 2172 442 2231 in
461 2173 531 2233 foro
553 2172 723 2233 amicorum
746 2172 857 2235 litibus
879 2180 1029 2235 conteror.
1072 2175 1218 2236 Aestima
1236 2191 1252 2236 a

212 2284 249 2338 tu
270 2296 349 2356 quae
371 2276 439 2337 vita
458 2296 529 2337 mea
549 2277 601 2354 sit,
622 2277 674 2338 cui
694 2279 817 2357 requies
838 2278 872 2339 in
892 2278 1007 2356 labore,
1028 2278 1063 2338 in
1089 2279 1217 2341 miseria

164 2392 194 2440 ιο
213 2383 357 2461 curisque
371 2382 530 2444 solacium.
573 2384 660 2446 Vale.

630 2580 682 2642 ⁷6.
712 2576 799 2659 (ιιι.)

337 2736 368 2788 0.
393 2733 537 2786 PLINIUS
559 2730 707 2783 FABATO
730 2730 943 2783 PROSOCERO
967 2732 1035 2784 SUO
1059 2734 1085 2785 S.

430 2875 538 2938 Plinu‘s
549 2889 680 2939 deucrous
692 2874 807 2936 bordain
819 2873 882 2923 with
898 2873 1023 2925 Corellio.

252 3016 380 3078 Miraris
394 3017 477 3094 quod
491 3017 635 3090 Hermes,
651 3014 783 3074 libertus
798 3032 894 3089 meus,
904 3013 1109 3076 hereditarios
1124 3033 1215 3092 agros
1234 3033 1248 3079 1

211 3140 288 3199 quos
304 3140 360 3197 ego
373 3121 525 3181 iusseram
546 3119 698 3198 proscribi
715 3137 779 3177 non
794 3124 977 3195 exspectato
995 3119 1138 3179 auctione
1157 3139 1214 3198 pro

210 3244 279 3285 meo
298 3225 471 3303 quincunce
493 3244 532 3284 ex
555 3222 763 3301 septingentis
784 3222 913 3282 milibus
933 3223 1087 3284 Corelliae
1108 3224 1215 3284 addix-

211 3329 279 3389 erit.
321 3329 432 3390 Adicis
446 3329 504 3390 hos
519 3328 686 3403 nongentis
703 3325 832 3387 milibus
847 3345 938 3403 posse
953 3327 1060 3388 venire
1075 3347 1110 3388 ac
1124 3334 1214 3390 tanto

163 3451 192 3497 15
211 3434 310 3510 magis
332 3435 456 3512 quaeris
477 3454 517 3494 an
539 3432 622 3511 quod
643 3432 741 3508 gessit
761 3436 864 3490 ratum
887 3449 1016 3491 servem.
1058 3433 1126 3508 Ego
1138 3452 1249 3502 veroa

211 3557 318 3600 servo:
341 3537 454 3615 quibus
470 3557 509 3596 ex
523 3537 635 3610 causis,
651 3535 764 3613 accipe.
807 3535 907 3613 Cupio
926 3535 1010 3595 enim
1028 3542 1060 3596 et
1073 3537 1133 3598 tibi
1147 3557 1215 3616 pro

211 3645 320 3705 batum
341 3647 373 3702 et
393 3641 598 3702 coheredibus
619 3639 696 3700 meis
714 3644 898 3699 excusatum
917 3658 985 3700 esse
1005 3641 1088 3719 quod
1107 3643 1214 3703 moab

211 3749 277 3809 illis
288 3747 404 3808 maiore
414 3747 514 3808 officio
525 3746 652 3806 iubente
664 3762 797 3805 secerno.
834 3744 1000 3806 Corelliam
1012 3764 1082 3806 cum
1093 3766 1215 3808 summa
1233 3767 1249 3814 s
