2782 4164
208 293 250 359 66
632 304 662 357 c.
681 305 783 356 rnmr

207 476 426 554 imperatorem
464 477 603 538 Nervam
637 496 701 537 non
734 477 838 539 minus
875 478 1009 539 fortiter.
1072 478 1213 540 Cenabat

208 582 316 642 Nerva
338 600 408 641 cum
431 581 556 660 paucis:
586 582 720 644 Veiento
744 583 905 660 proximus
932 589 1027 662 atque
1055 583 1148 644 etiam
1177 583 1212 642 in

209 685 280 746 sinu
301 687 515 747 recumbebat:
544 687 612 746 dixi
636 687 748 762 omnia,
766 707 837 746 cum
858 688 1017 748 hominem
1041 688 1210 749 nominavi.

208 791 328 851 Incidit
347 810 448 852 sermo
464 792 503 852 de
521 791 646 852 Catullo
664 792 844 868 Messalino,
860 793 914 871 qui
935 794 1106 855 luminibus
1128 794 1214 855 orba·
1232 805 1248 850 5

174 911 189 957 s
208 903 260 958 tus
276 896 401 972 ingenio
416 915 508 956 saevo
529 896 613 956 mala
629 897 789 958 caecitatis
807 898 987 959 addiderat:
1010 919 1073 958 non
1088 900 1214 960 vereba-

208 1007 270 1077 tur,
294 1020 357 1060 non
380 1002 589 1076 erubescebat,
613 1020 676 1060 non
700 1002 922 1081 miserebatur,
954 1022 1016 1080 quo
1044 1004 1169 1082 saepius
1194 1023 1214 1064 a

209 1106 390 1166 Domitiano
414 1125 477 1164 non
501 1124 589 1166 secus
615 1125 650 1165 ac
675 1106 747 1182 tela,
767 1126 846 1185 quae
868 1114 900 1167 et
918 1108 989 1186 ipsa
1008 1127 1098 1169 caeca
1119 1113 1151 1168 et
1169 1109 1215 1168 in·
1239 1182 1242 1190 ,

210 1210 342 1289 provida
362 1210 516 1285 feruntur,
536 1210 569 1268 in
591 1211 744 1287 optimum
765 1231 920 1290 quemque
940 1214 1212 1291 contorquebatur:

210 1316 258 1375 De
272 1314 366 1375 huius
380 1316 523 1393 nequitia
537 1317 807 1395 sanguinariisque
823 1317 988 1378 sententiis
1002 1318 1036 1376 in
1050 1337 1214 1378 commune
1234 1327 1250 1373 6

162 1431 191 1478 10
210 1439 317 1480 omnes
346 1439 439 1497 super
466 1439 575 1480 cenam
603 1422 818 1498 loquebantur,
849 1440 917 1481 cum
947 1423 1015 1499 ipse
1043 1423 1215 1500 imperator

212 1525 306 1603 ‘quid
328 1530 474 1602 putamus
499 1544 664 1603 passurum
689 1527 797 1601 fuisse,
825 1527 852 1595 si
877 1527 1041 1586 viveret?'
1071 1534 1104 1587 et
1128 1528 1216 1587 Mau-

211 1629 293 1689 ricus
320 1629 498 1689 ‘nobiscum
522 1632 666 1690 cenaret!
709 1632 847 1707 Longius
874 1632 947 1706 abii,
972 1632 1073 1693 libens
1098 1637 1250 1693 tamen.⁷
1340 1690 1342 1695 .

211 1733 336 1793 Placuit
353 1752 452 1808 agona
470 1734 549 1808 tolli,
565 1735 619 1812 qui
639 1755 740 1795 mores
756 1737 982 1797 Viennensium
1001 1737 1164 1812 infecerat,
1179 1742 1216 1797 ut

210 1843 317 1898 noster
332 1838 383 1897 hic
400 1839 547 1897 omnium.
589 1840 672 1899 Nam
688 1839 914 1900 Viennensium
933 1841 1012 1901 vitia
1028 1841 1113 1901 intra
1129 1842 1216 1919 ipsos

164 1958 192 2003 15
211 1947 363 2020 residunt,
388 1952 496 2006 nostra
519 1945 584 2005 late
608 1951 769 2020 vagantur,
791 1952 889 2023 utque
913 1946 947 2004 in
968 1946 1148 2023 corporibus
1170 1947 1216 2007 sic

211 2051 245 2110 in
261 2051 392 2128 imperio
410 2050 613 2127 gravissimus
633 2055 681 2110 cst
696 2051 821 2110 morbus
843 2050 897 2128 qui
913 2069 933 2110 a
949 2051 1051 2129 capite
1069 2051 1218 2111 diffundi-

211 2162 270 2215 tur.
313 2155 400 2216 Vale.
567 2159 569 2162 ⁴

595 2263 648 2324 53.
678 2262 826 2343 (XXIV.)

381 2409 411 2460 C.
435 2407 579 2458 PLINIUS
602 2407 713 2457 FABIO
738 2409 902 2457 VALENTI
926 2409 994 2460 SUO
1018 2409 1043 2460 S.

309 2547 391 2598 Greci
402 2547 519 2609 changes
529 2548 601 2595 macc
614 2545 697 2605 Pliny
711 2544 795 2605 begua
807 2548 833 2592 to
842 2544 959 2604 procoso
972 2549 999 2593 ot
1011 2544 1054 2593 tlte
1067 2543 1123 2594 bar.

252 2679 400 2739 Proxime
418 2697 487 2737 cum
506 2677 589 2753 apud
606 2673 816 2735 centumviros
832 2674 865 2732 in
884 2673 1082 2751 quadruplici
1099 2674 1217 2735 iudicio
1239 2693 1251 2737 1

213 2784 373 2857 dixissem,
393 2782 491 2842 subiit
511 2779 684 2839 recordatio
705 2777 805 2853 egisse
826 2797 875 2836 me
897 2778 1041 2837 iuvenem
1063 2798 1161 2857 aeque
1183 2780 1233 2839 in=

163 2903 193 2948 20
213 2887 419 2966 quadruplici.
462 2885 619 2946 Processit
641 2883 772 2958 animus,
795 2888 831 2942 ut
852 2883 939 2958 solet,
962 2883 1103 2958 longius:
1127 2886 1218 2964 coepi
1237 2899 1253 2944 a

213 3000 357 3071 reputare
378 3010 455 3068 quos
475 2991 508 3049 in
527 2990 585 3048 hoc
606 2988 731 3062 iudicio,
748 3006 825 3065 quos
847 2987 958 3046 inille
979 2989 1078 3048 socios
1100 2988 1217 3051 laboris
1251 3024 1253 3029 ·

213 3097 400 3158 habuissem.
445 3095 535 3155 Solus
551 3113 635 3152 eram
651 3091 705 3169 qui
723 3092 756 3150 in
772 3097 904 3167 utroque
921 3092 1087 3152 dixissem:
1110 3099 1216 3155 tantas

212 3201 430 3261 conversiones
452 3206 506 3259 aut
527 3197 684 3272 fragilitas
706 3195 907 3255 mortalitatis
924 3202 978 3254 aut
994 3197 1141 3257 fortunae
1155 3218 1218 3258 mo

212 3305 320 3365 bilitas
335 3304 421 3363 facit.
458 3303 590 3373 Quidam
602 3321 640 3360 ex
652 3300 696 3359 eis
712 3299 765 3376 qui
781 3304 856 3357 tuno
867 3305 994 3374 egerant
1006 3301 1216 3378 decesserunt,
1238 3320 1254 3365 3

164 3421 193 3466 25
213 3411 360 3471 exsulant
378 3409 441 3483 alii,
456 3407 530 3466 huic
545 3413 630 3466 actas
651 3410 682 3464 et
701 3404 848 3463 valetudo
864 3404 1025 3464 silentium
1042 3407 1152 3483 suasit,
1164 3408 1217 3468 hic

214 3521 324 3592 sponte
354 3512 536 3572 beatissimo
567 3511 630 3570 otio
661 3509 786 3581 fruitur,
816 3508 896 3566 alius
924 3510 1097 3569 exercitum
1124 3513 1216 3589 regit,

169 3591 172 3597 ’
213 3619 304 3678 mum
326 3617 472 3677 dvorsus
494 3615 602 3674 officiis
624 3613 774 3690 principis
796 3613 934 3671 amicicia
958 3614 1082 3674 exemit.
1126 3616 1253 3682 carcar

212 3743 269 3783 nos
295 3723 379 3800 ipsos
404 3740 498 3798 quam
521 3718 621 3777 multa
645 3723 767 3776 mutata
791 3719 881 3776 sunt!
924 3717 1045 3778 Studiis
1068 3722 1218 3797 processi-
