2782 4164
495 297 759 350 EPISTULARUM
781 297 829 348 IV.
851 297 875 348 7.

420 568 426 575 ·
484 590 488 599 -
591 552 644 614 ce
673 550 776 632 (vri.)

370 708 402 763 O.
423 709 570 762 PLINIUS
593 710 704 762 CATIO
726 710 861 760 LEPIDO
885 708 953 761 SUO
976 709 1002 761 S.

275 829 278 835 .
337 859 459 924 Regulus
471 873 508 910 on
520 859 622 910 obsura
634 872 760 909 mouncer
771 858 827 909 aad
837 873 855 909 o
867 859 919 909 bad
930 864 1028 909 orator.

135 1015 159 1080 ,ι
224 1003 322 1084 Saepe
341 1003 402 1064 tibi
419 1003 490 1064 dico
508 1004 611 1064 inesse
627 1003 692 1062 vim
714 1003 843 1078 Regulo.
887 1003 1004 1061 Mirum
1024 1008 1072 1062 est
1090 1021 1186 1079 quarn

182 1107 298 1170 efficiat
311 1109 346 1168 m
360 1094 608 1187 quod‘ineubuit.
651 1108 777 1167 Placuit
791 1108 820 1167 ei
835 1108 940 1183 lugere
957 1105 1075 1182 filium
1098 1106 1186 1183 luget

181 1220 220 1274 ut
232 1232 338 1290 nem03
361 1213 481 1292 placuit
495 1219 617 1274 statuas
632 1213 699 1273 eius
714 1219 746 1272 et
760 1213 911 1289 imagines
926 1232 1019 1290 quam
1033 1212 1185 1289 plurimas

181 1320 304 1396 facere3
325 1319 385 1379 hoc
404 1319 548 1379 omnibus
566 1318 698 1379 officinis
714 1319 788 1394 agit,
807 1318 898 1376 illum
915 1318 1079 1392 coloribus,
1094 1317 1185 1376 illum

182 1443 262 1500 cera,
284 1424 374 1483 illurn
396 1441 476 1498 aere,
498 1423 589 1482 illum
613 1429 751 1500 argento,
774 1422 864 1481 illum
887 1408 970 1495 auro,
993 1422 1093 1496 ebore,
1108 1431 1220 1481 mar-5

145 1542 162 1587 2
182 1547 268 1589 more
282 1528 409 1605 effingit.
454 1529 527 1605 Ipse
538 1547 612 1587 vero
627 1546 726 1605 nuper
741 1527 883 1587 adhibito
899 1526 1020 1602 ingenti
1030 1526 1186 1586 auditorio

182 1633 298 1694 librum
322 1634 361 1693 de
385 1633 454 1692 vita
477 1633 544 1693 eius
571 1632 725 1706 recitavit,
749 1632 787 1691 de
812 1632 879 1691 vita
903 1633 1008 1709 pueri:
1040 1631 1186 1691 recitavit

182 1744 304 1814 tamcu3
334 1739 467 1798 eundem
489 1738 522 1796 in
543 1737 735 1814 exemplaria
756 1737 843 1795 mille
868 1737 1109 1813 transscriptum
1130 1756 1186 1813 per

182 1848 282 1903 totam
307 1843 435 1915 Italiam
460 1841 699 1920 provinciasque
728 1841 859 1902 dimisit.
904 1842 1037 1918 Scripsit
1061 1842 1185 1918 publice

181 1954 219 2009 ut
232 1967 252 2009 a
266 1947 485 2008 decurionibus
501 1947 669 2023 eligeretur
683 1946 900 2006 vocalissimus
920 1946 1035 2023 aliquis
1051 1966 1090 2004 ex
1107 1946 1185 2024 ipsis
1207 1959 1235 2002 1o

146 2068 162 2115 a
182 2053 238 2131 qui
251 2052 370 2130 legeret
384 2071 455 2112 eum
470 2052 602 2130 populo:
625 2052 815 2112 factumest.
859 2053 952 2110 Hanc
972 2051 1026 2110 ille
1040 2051 1115 2126 vim,
1131 2070 1186 2111 seu

182 2175 246 2235 quo
259 2157 322 2218 alio
336 2158 461 2217 nomine
476 2157 617 2216 vocanda
631 2163 679 2216 est
693 2156 828 2215 intentio
845 2156 1000 2232 quidquid
1014 2156 1094 2216 velis
1109 2156 1185 2216 obti-

182 2262 287 2338 nendi,
307 2262 335 2323 si
356 2263 397 2322 ad
416 2262 538 2340 potiora
555 2261 712 2336 vertisset,
733 2267 883 2338 quantum
904 2261 977 2319 boni
995 2260 1113 2320 efficere
1134 2281 1185 2339 po

182 2367 313 2428 tuissetl
356 2368 550 2444 Quamquam
570 2366 672 2425 minor
690 2366 737 2426 vis
756 2366 845 2425 bonis
864 2385 956 2443 quam
978 2366 1070 2425 malis
1092 2367 1183 2441 inest,

182 2491 218 2532 at
235 2472 317 2533 sicut
331 2473 432 2550 ἀμαθία
445 2475 496 2548 μὲν
513 2472 617 2550 θράσος
633 2475 771 2551 λογισμὸς
791 2471 819 2530 δὲ
841 2472 921 2532 ὄκνον
936 2472 1022 2549 φέρει,
1038 2471 1084 2530 im
1100 2478 1186 2530 recta
1206 2486 1234 2531 15

182 2576 309 2653 ingenia
322 2577 469 2637 debilitat
487 2575 684 2650 verecundia,
699 2595 846 2653 perversa
863 2575 1027 2634 confirmat
1044 2576 1182 2634 audacia.

145 2696 162 2741 4
181 2682 336 2760 Exemplo
356 2688 405 2743 est
425 2681 574 2758 Regulus.
618 2680 816 2739 Imbecillum
837 2681 929 2754 latus,
952 2699 985 2740 os
1007 2681 1182 2755 confusum,

151 2802 153 2806 ·
181 2786 342 2848 haesitans
375 2786 491 2863 lingua,
520 2785 702 2846 tardissima
728 2785 879 2859 inventio
907 2786 1057 2844 memoria
1086 2785 1182 2859 nulla,

181 2891 263 2950 nihil
287 2890 423 2969 denique
443 2896 567 2969 praeter
591 2890 751 2966 ingenium
776 2890 938 2965 insanum3
968 2896 1000 2949 et
1020 2896 1127 2949 tamen
1147 2909 1184 2949 eo

181 2996 367 3075 inpudentia
388 2996 518 3074 ipsoque
538 2995 593 3055 illo
608 2996 715 3055 furore
732 2995 877 3072 pervenit
895 3000 931 3054 ut
950 3001 1052 3055 orator
1073 2995 1184 3054 habea·
1204 3012 1233 3056 20

146 3117 160 3163 o
181 3108 240 3161 tur.
283 3102 398 3180 ltaque
412 3100 592 3160 Herennius
610 3100 738 3161 Senecio
755 3099 885 3159 mirifice
902 3100 1030 3160 Catonis
1049 3100 1129 3159 illud
1144 3101 1183 3159 de

181 3212 303 3267 oratore
323 3205 357 3266 in
377 3207 460 3266 hunc
481 3225 498 3265 e
519 3206 674 3265 contrario
695 3205 793 3265 vertit
812 3209 934 3264 ‘orator
955 3210 1003 3265 est
1016 3205 1066 3264 vir
1081 3206 1182 3265 malus

181 3311 307 3371 dicendi
326 3311 510 3390 imperitus’
551 3311 625 3370 Non
647 3309 824 3369 mehercule
846 3310 924 3370 Cato
943 3309 1011 3387 ipse
1025 3315 1091 3369 tam
1104 3311 1182 3370 bene

144 3431 161 3476 o
181 3435 290 3476 rerum
304 3422 455 3476 oratorem
474 3435 567 3493 quam
586 3415 638 3474 hic
655 3414 811 3490 Regulum
829 3414 991 3491 expressit.
1034 3415 1182 3476 Habesne

180 3540 243 3598 quo
256 3520 315 3580 tali
329 3520 483 3599 epistulae
498 3539 605 3598 parem
619 3519 752 3595 gratiam
767 3519 910 3578 referas?
928 3518 1034 3592 habes,
1047 3519 1075 3579 si
1089 3520 1183 3597 scrip
1203 3544 1231 3587 25

181 3625 259 3686 seris
278 3645 354 3684 num
371 3625 486 3702 aliquis
504 3625 538 3683 in
551 3624 723 3701 municipio
740 3628 844 3682 vestro
861 3642 900 3682 ex
917 3623 1076 3684 sodalibus
1094 3624 1181 3699 meis,

180 3749 253 3789 num
271 3729 366 3790 etiam
380 3729 447 3808 ipsc
461 3735 498 3790 tu
512 3728 596 3788 hunc
613 3728 788 3788 luctuosum
806 3727 922 3803 Reguli
941 3728 1056 3788 librum
1076 3735 1111 3789 ut
1127 3729 1183 3788 cir-
