<?xml version="1.0" encoding="UTF-8"?>
<!DOCTYPE html PUBLIC "-//W3C//DTD XHTML 1.0 Transitional//EN"
    "http://www.w3.org/TR/xhtml1/DTD/xhtml1-transitional.dtd">
<html xmlns="http://www.w3.org/1999/xhtml" xml:lang="en" lang="en">
 <head>
  <title>
</title>
<meta http-equiv="Content-Type" content="text/html;charset=utf-8" />
  <meta name='ocr-system' content='tesseract 3.04.00' />
  <meta name='ocr-capabilities' content='ocr_page ocr_carea ocr_par ocr_line ocrx_word'/>
</head>
<body>
  <div class='ocr_page' id='page_1' title='image "./cplinisecundiep00plingoog_0059.png"; bbox 0 0 2782 4164; ppageno 0'>
   <div class='ocr_carea' id='block_1_1' title="bbox 207 285 789 352">
    <p class='ocr_par' dir='ltr' id='par_1_1' title="bbox 207 285 789 352">
     <span class='ocr_line' id='line_1_1' title="bbox 207 285 789 352; baseline 0 -1"><span class='ocrx_word' id='word_1_1' title='bbox 207 285 250 351; x_wconf 86' lang='lat'>10</span> <span class='ocrx_word' id='word_1_2' title='bbox 638 300 670 352; x_wconf 89' lang='lat' dir='ltr'>c.</span> <span class='ocrx_word' id='word_1_3' title='bbox 688 301 789 351; x_wconf 78' lang='lat' dir='ltr'>rxnu</span> 
     </span>
    </p>
   </div>
   <div class='ocr_carea' id='block_1_2' title="bbox 152 469 1247 2318">
    <p class='ocr_par' dir='ltr' id='par_1_2' title="bbox 152 469 1247 2318">
     <span class='ocr_line' id='line_1_2' title="bbox 205 469 1212 552; baseline 0.005 -22"><span class='ocrx_word' id='word_1_4' title='bbox 205 469 291 531; x_wconf 90' lang='lat' dir='ltr'>lente</span> <span class='ocrx_word' id='word_1_5' title='bbox 311 478 556 551; x_wconf 76' lang='lat' dir='ltr'>cunctanterque</span> <span class='ocrx_word' id='word_1_6' title='bbox 569 472 718 549; x_wconf 80' lang='lat' dir='ltr'>veniunt3</span> <span class='ocrx_word' id='word_1_7' title='bbox 740 490 798 533; x_wconf 92' lang='lat' dir='ltr'>nec</span> <span class='ocrx_word' id='word_1_8' title='bbox 819 479 926 533; x_wconf 88' lang='lat' dir='ltr'>tamen</span> <span class='ocrx_word' id='word_1_9' title='bbox 948 482 1141 552; x_wconf 87' lang='lat' dir='ltr'>permanent,</span> <span class='ocrx_word' id='word_1_10' title='bbox 1156 495 1212 537; x_wconf 88' lang='lat' dir='ltr'>seo</span> 
     </span>
     <span class='ocr_line' id='line_1_3' title="bbox 205 575 1210 655; baseline 0.005 -20"><span class='ocrx_word' id='word_1_11' title='bbox 205 582 279 636; x_wconf 90' lang='lat' dir='ltr'>ante</span> <span class='ocrx_word' id='word_1_12' title='bbox 302 575 398 636; x_wconf 88' lang='lat' dir='ltr'>finem</span> <span class='ocrx_word' id='word_1_13' title='bbox 422 578 581 652; x_wconf 86' lang='lat' dir='ltr'>recedunt,</span> <span class='ocrx_word' id='word_1_14' title='bbox 602 577 659 637; x_wconf 91' lang='lat' dir='ltr'>alii</span> <span class='ocrx_word' id='word_1_15' title='bbox 686 577 922 637; x_wconf 80' lang='lat' dir='ltr'><strong>dissimulanter</strong></span> <span class='ocrx_word' id='word_1_16' title='bbox 949 587 982 638; x_wconf 90' lang='lat' dir='ltr'>et</span> <span class='ocrx_word' id='word_1_17' title='bbox 1008 579 1130 655; x_wconf 82' lang='lat' dir='ltr'>furtim,</span> <span class='ocrx_word' id='word_1_18' title='bbox 1155 581 1210 641; x_wconf 88' lang='lat' dir='ltr'>alii</span> 
     </span>
     <span class='ocr_line' id='line_1_4' title="bbox 206 680 1247 761; baseline 0.006 -22"><span class='ocrx_word' id='word_1_19' title='bbox 206 680 394 759; x_wconf 88' lang='lat' dir='ltr'>simpliciter</span> <span class='ocrx_word' id='word_1_20' title='bbox 424 688 456 742; x_wconf 91' lang='lat' dir='ltr'>et</span> <span class='ocrx_word' id='word_1_21' title='bbox 483 682 589 743; x_wconf 89' lang='lat' dir='ltr'>libere.</span> <span class='ocrx_word' id='word_1_22' title='bbox 642 681 688 743; x_wconf 81' lang='lat' dir='ltr'>At</span> <span class='ocrx_word' id='word_1_23' title='bbox 715 682 841 742; x_wconf 80' lang='lat' dir='ltr'>hercule</span> <span class='ocrx_word' id='word_1_24' title='bbox 867 684 1017 742; x_wconf 88' lang='lat' dir='ltr'>memoria</span> <span class='ocrx_word' id='word_1_25' title='bbox 1044 692 1247 761; x_wconf 81' lang='lat' dir='ltr'>parentume</span> 
     </span>
     <span class='ocr_line' id='line_1_5' title="bbox 205 785 1210 866; baseline 0.003 -19"><span class='ocrx_word' id='word_1_26' title='bbox 205 785 373 847; x_wconf 82' lang='lat' dir='ltr'>Claudium</span> <span class='ocrx_word' id='word_1_27' title='bbox 400 787 566 848; x_wconf 87' lang='lat' dir='ltr'>Caesarem</span> <span class='ocrx_word' id='word_1_28' title='bbox 580 787 697 863; x_wconf 72' lang='lat' dir='ltr'>ferunt,</span> <span class='ocrx_word' id='word_1_29' title='bbox 718 806 789 847; x_wconf 90' lang='lat' dir='ltr'>cum</span> <span class='ocrx_word' id='word_1_30' title='bbox 811 788 845 847; x_wconf 92' lang='lat' dir='ltr'>in</span> <span class='ocrx_word' id='word_1_31' title='bbox 872 788 991 866; x_wconf 86' lang='lat' dir='ltr'>palatio</span> <span class='ocrx_word' id='word_1_32' title='bbox 1019 789 1210 866; x_wconf 89' lang='lat' dir='ltr'>spatiaretur</span> 
     </span>
     <span class='ocr_line' id='line_1_6' title="bbox 169 891 1210 970; baseline 0.006 -21"><span class='ocrx_word' id='word_1_33' title='bbox 169 903 185 948; x_wconf 99' lang='grc'><strong>5</strong></span> <span class='ocrx_word' id='word_1_34' title='bbox 204 891 406 969; x_wconf 77' lang='lat' dir='ltr'>audissetque</span> <span class='ocrx_word' id='word_1_35' title='bbox 420 891 597 967; x_wconf 90' lang='lat' dir='ltr'>clamorem,</span> <span class='ocrx_word' id='word_1_36' title='bbox 612 911 736 952; x_wconf 91' lang='lat' dir='ltr'>causam</span> <span class='ocrx_word' id='word_1_37' title='bbox 752 892 931 970; x_wconf 83' lang='lat' dir='ltr'>requisisse,</span> <span class='ocrx_word' id='word_1_38' title='bbox 942 911 1075 970; x_wconf 90' lang='lat' dir='ltr'>cumque</span> <span class='ocrx_word' id='word_1_39' title='bbox 1089 894 1210 954; x_wconf 91' lang='lat' dir='ltr'>dictum</span> 
     </span>
     <span class='ocr_line' id='line_1_7' title="bbox 204 997 1209 1077; baseline 0.004 -21"><span class='ocrx_word' id='word_1_40' title='bbox 204 1002 288 1056; x_wconf 86' lang='lat' dir='ltr'>esset</span> <span class='ocrx_word' id='word_1_41' title='bbox 297 997 430 1056; x_wconf 88' lang='lat' dir='ltr'>recitare</span> <span class='ocrx_word' id='word_1_42' title='bbox 440 997 631 1072; x_wconf 84' lang='lat' dir='ltr'>Nonianum,</span> <span class='ocrx_word' id='word_1_43' title='bbox 644 997 783 1057; x_wconf 90' lang='lat' dir='ltr'>subitum</span> <span class='ocrx_word' id='word_1_44' title='bbox 793 997 938 1057; x_wconf 80' lang='lat' dir='ltr'>recitanti</span> <span class='ocrx_word' id='word_1_45' title='bbox 950 998 1209 1077; x_wconf 84' lang='lat' dir='ltr'>inopinatumque</span> 
     </span>
     <span class='ocr_line' id='line_1_8' title="bbox 203 1101 1243 1179; baseline 0.006 -18"><span class='ocrx_word' id='word_1_46' title='bbox 203 1101 337 1162; x_wconf 84' lang='lat' dir='ltr'>venisse.</span> <span class='ocrx_word' id='word_1_47' title='bbox 378 1101 473 1163; x_wconf 86' lang='lat' dir='ltr'>Nunc</span> <span class='ocrx_word' id='word_1_48' title='bbox 494 1101 703 1163; x_wconf 83' lang='lat' dir='ltr'>otiosissimus</span> <span class='ocrx_word' id='word_1_49' title='bbox 726 1102 860 1179; x_wconf 90' lang='lat' dir='ltr'>quisque</span> <span class='ocrx_word' id='word_1_50' title='bbox 882 1102 982 1162; x_wconf 90' lang='lat' dir='ltr'>multo</span> <span class='ocrx_word' id='word_1_51' title='bbox 995 1108 1068 1162; x_wconf 91' lang='lat' dir='ltr'>ante</span> <span class='ocrx_word' id='word_1_52' title='bbox 1082 1112 1208 1179; x_wconf 86' lang='lat' dir='ltr'>rogatus</span> <span class='ocrx_word' id='word_1_53' title='bbox 1228 1122 1243 1167; x_wconf 90' lang='lat'>4</span> 
     </span>
     <span class='ocr_line' id='line_1_9' title="bbox 203 1206 1210 1285; baseline 0.002 -19"><span class='ocrx_word' id='word_1_54' title='bbox 203 1211 237 1266; x_wconf 87' lang='lat' dir='ltr'>et</span> <span class='ocrx_word' id='word_1_55' title='bbox 249 1206 423 1266; x_wconf 88' lang='lat' dir='ltr'>identidem</span> <span class='ocrx_word' id='word_1_56' title='bbox 437 1207 618 1267; x_wconf 86' lang='lat' dir='ltr'>admonitus</span> <span class='ocrx_word' id='word_1_57' title='bbox 632 1213 764 1267; x_wconf 90' lang='lat' dir='ltr'>autnon</span> <span class='ocrx_word' id='word_1_58' title='bbox 778 1206 867 1266; x_wconf 77' lang='lat' dir='ltr'>venit</span> <span class='ocrx_word' id='word_1_59' title='bbox 880 1214 943 1281; x_wconf 91' lang='lat' dir='ltr'>aut,</span> <span class='ocrx_word' id='word_1_60' title='bbox 956 1207 983 1267; x_wconf 90' lang='lat' dir='ltr'>si</span> <span class='ocrx_word' id='word_1_61' title='bbox 998 1209 1093 1282; x_wconf 86' lang='lat' dir='ltr'>venit,</span> <span class='ocrx_word' id='word_1_62' title='bbox 1108 1210 1210 1285; x_wconf 89' lang='lat' dir='ltr'>queri-</span> 
     </span>
     <span class='ocr_line' id='line_1_10' title="bbox 202 1311 1243 1389; baseline 0.007 -19"><span class='ocrx_word' id='word_1_63' title='bbox 202 1317 256 1370; x_wconf 90' lang='lat' dir='ltr'>tur</span> <span class='ocrx_word' id='word_1_64' title='bbox 272 1329 306 1372; x_wconf 87' lang='lat' dir='ltr'>se</span> <span class='ocrx_word' id='word_1_65' title='bbox 323 1311 416 1387; x_wconf 90' lang='lat' dir='ltr'>diem,</span> <span class='ocrx_word' id='word_1_66' title='bbox 432 1313 508 1388; x_wconf 91' lang='lat' dir='ltr'>quia</span> <span class='ocrx_word' id='word_1_67' title='bbox 525 1331 589 1371; x_wconf 91' lang='lat' dir='ltr'>non</span> <span class='ocrx_word' id='word_1_68' title='bbox 612 1311 793 1389; x_wconf 87' lang='lat' dir='ltr'>perdiderit,</span> <span class='ocrx_word' id='word_1_69' title='bbox 809 1311 992 1388; x_wconf 90' lang='lat' dir='ltr'>perdidisse.</span> <span class='ocrx_word' id='word_1_70' title='bbox 1035 1313 1098 1372; x_wconf 88' lang='lat' dir='ltr'>Sed</span> <span class='ocrx_word' id='word_1_71' title='bbox 1120 1319 1208 1374; x_wconf 87' lang='lat' dir='ltr'>tanto</span> <span class='ocrx_word' id='word_1_72' title='bbox 1227 1331 1243 1378; x_wconf 92' lang='grc'><strong>5</strong></span> 
     </span>
     <span class='ocr_line' id='line_1_11' title="bbox 153 1416 1208 1494; baseline 0.002 -18"><span class='ocrx_word' id='word_1_73' title='bbox 153 1430 184 1476; x_wconf 87' lang='lat' dir='ltr'>ro</span> <span class='ocrx_word' id='word_1_74' title='bbox 202 1416 303 1493; x_wconf 82' lang='lat' dir='ltr'>magis</span> <span class='ocrx_word' id='word_1_75' title='bbox 324 1416 474 1476; x_wconf 83' lang='lat' dir='ltr'>laudandi</span> <span class='ocrx_word' id='word_1_76' title='bbox 496 1417 711 1494; x_wconf 86' lang='lat' dir='ltr'>probandique</span> <span class='ocrx_word' id='word_1_77' title='bbox 734 1421 808 1477; x_wconf 89' lang='lat' dir='ltr'>sunt</span> <span class='ocrx_word' id='word_1_78' title='bbox 831 1435 908 1494; x_wconf 89' lang='lat' dir='ltr'>quos</span> <span class='ocrx_word' id='word_1_79' title='bbox 923 1416 1112 1477; x_wconf 86' lang='lat' dir='ltr'>ascribendi</span> <span class='ocrx_word' id='word_1_80' title='bbox 1134 1420 1208 1478; x_wconf 87' lang='lat' dir='ltr'>reci-</span> 
     </span>
     <span class='ocr_line' id='line_1_12' title="bbox 201 1521 1208 1600; baseline 0.002 -18"><span class='ocrx_word' id='word_1_81' title='bbox 201 1521 353 1599; x_wconf 86' lang='lat' dir='ltr'>tandique</span> <span class='ocrx_word' id='word_1_82' title='bbox 368 1521 474 1582; x_wconf 90' lang='lat' dir='ltr'>studio</span> <span class='ocrx_word' id='word_1_83' title='bbox 494 1521 571 1581; x_wconf 89' lang='lat' dir='ltr'>haec</span> <span class='ocrx_word' id='word_1_84' title='bbox 592 1522 771 1582; x_wconf 91' lang='lat' dir='ltr'>auditorum</span> <span class='ocrx_word' id='word_1_85' title='bbox 786 1521 838 1580; x_wconf 88' lang='lat' dir='ltr'>vel</span> <span class='ocrx_word' id='word_1_86' title='bbox 859 1522 982 1581; x_wconf 90' lang='lat' dir='ltr'>desidia</span> <span class='ocrx_word' id='word_1_87' title='bbox 995 1522 1047 1581; x_wconf 90' lang='lat' dir='ltr'>vel</span> <span class='ocrx_word' id='word_1_88' title='bbox 1061 1524 1208 1600; x_wconf 88' lang='lat' dir='ltr'>superbia</span> 
     </span>
     <span class='ocr_line' id='line_1_13' title="bbox 201 1625 1206 1705; baseline 0.001 -19"><span class='ocrx_word' id='word_1_89' title='bbox 201 1646 264 1686; x_wconf 92' lang='lat' dir='ltr'>uon</span> <span class='ocrx_word' id='word_1_90' title='bbox 276 1627 423 1687; x_wconf 90' lang='lat' dir='ltr'>retardat.</span> <span class='ocrx_word' id='word_1_91' title='bbox 465 1627 621 1704; x_wconf 83' lang='lat' dir='ltr'>Equidem</span> <span class='ocrx_word' id='word_1_92' title='bbox 637 1645 733 1705; x_wconf 89' lang='lat' dir='ltr'>prope</span> <span class='ocrx_word' id='word_1_93' title='bbox 744 1626 863 1686; x_wconf 89' lang='lat' dir='ltr'>nemini</span> <span class='ocrx_word' id='word_1_94' title='bbox 878 1625 975 1686; x_wconf 84' lang='lat' dir='ltr'>defui.</span> <span class='ocrx_word' id='word_1_95' title='bbox 1016 1627 1117 1687; x_wconf 81' lang='lat' dir='ltr'>Erant</span> <span class='ocrx_word' id='word_1_96' title='bbox 1131 1647 1206 1689; x_wconf 89' lang='lat' dir='ltr'>sane</span> 
     </span>
     <span class='ocr_line' id='line_1_14' title="bbox 202 1731 1205 1810; baseline 0.001 -20"><span class='ocrx_word' id='word_1_97' title='bbox 202 1732 345 1810; x_wconf 88' lang='lat' dir='ltr'>plerique</span> <span class='ocrx_word' id='word_1_98' title='bbox 358 1731 467 1791; x_wconf 89' lang='lat' dir='ltr'>amici:</span> <span class='ocrx_word' id='word_1_99' title='bbox 483 1750 584 1810; x_wconf 91' lang='lat' dir='ltr'>neque</span> <span class='ocrx_word' id='word_1_100' title='bbox 598 1731 683 1791; x_wconf 90' lang='lat' dir='ltr'>enim</span> <span class='ocrx_word' id='word_1_101' title='bbox 697 1737 746 1792; x_wconf 87' lang='lat' dir='ltr'>est</span> <span class='ocrx_word' id='word_1_102' title='bbox 757 1732 823 1792; x_wconf 91' lang='lat' dir='ltr'>fere</span> <span class='ocrx_word' id='word_1_103' title='bbox 838 1731 1006 1808; x_wconf 89' lang='lat' dir='ltr'>quisquam</span> <span class='ocrx_word' id='word_1_104' title='bbox 1020 1731 1074 1809; x_wconf 89' lang='lat' dir='ltr'>qui</span> <span class='ocrx_word' id='word_1_105' title='bbox 1090 1733 1205 1807; x_wconf 87' lang='lat' dir='ltr'>studia,</span> 
     </span>
     <span class='ocr_line' id='line_1_15' title="bbox 200 1835 1241 1914; baseline 0 -17"><span class='ocrx_word' id='word_1_106' title='bbox 200 1843 314 1897; x_wconf 90' lang='lat' dir='ltr'>utnon</span> <span class='ocrx_word' id='word_1_107' title='bbox 334 1835 429 1897; x_wconf 91' lang='lat' dir='ltr'>simul</span> <span class='ocrx_word' id='word_1_108' title='bbox 443 1842 476 1896; x_wconf 92' lang='lat' dir='ltr'>et</span> <span class='ocrx_word' id='word_1_109' title='bbox 488 1855 546 1897; x_wconf 89' lang='lat' dir='ltr'>nos</span> <span class='ocrx_word' id='word_1_110' title='bbox 560 1841 652 1896; x_wconf 86' lang='lat' dir='ltr'>amet.</span> <span class='ocrx_word' id='word_1_111' title='bbox 695 1837 757 1897; x_wconf 88' lang='lat' dir='ltr'>His</span> <span class='ocrx_word' id='word_1_112' title='bbox 779 1854 818 1895; x_wconf 88' lang='lat' dir='ltr'>ex</span> <span class='ocrx_word' id='word_1_113' title='bbox 842 1837 944 1897; x_wconf 88' lang='lat' dir='ltr'>causis</span> <span class='ocrx_word' id='word_1_114' title='bbox 967 1835 1091 1911; x_wconf 85' lang='lat' dir='ltr'>longius</span> <span class='ocrx_word' id='word_1_115' title='bbox 1112 1857 1205 1914; x_wconf 88' lang='lat' dir='ltr'>quam</span> <span class='ocrx_word' id='word_1_116' title='bbox 1225 1858 1241 1903; x_wconf 80' lang='lat' dir='ltr'>e</span> 
     </span>
     <span class='ocr_line' id='line_1_16' title="bbox 152 1941 1206 2019; baseline -0.003 -15"><span class='ocrx_word' id='word_1_117' title='bbox 152 1959 181 2005; x_wconf 86' lang='grc'>15</span> <span class='ocrx_word' id='word_1_118' title='bbox 201 1942 432 2003; x_wconf 85' lang='lat' dir='ltr'>destinaveram</span> <span class='ocrx_word' id='word_1_119' title='bbox 455 1947 580 2019; x_wconf 89' lang='lat' dir='ltr'>tempus</span> <span class='ocrx_word' id='word_1_120' title='bbox 602 1941 637 2000; x_wconf 92' lang='lat' dir='ltr'>in</span> <span class='ocrx_word' id='word_1_121' title='bbox 658 1942 735 2001; x_wconf 92' lang='lat' dir='ltr'>urbe</span> <span class='ocrx_word' id='word_1_122' title='bbox 758 1941 945 2019; x_wconf 90' lang='lat' dir='ltr'>consumpsi.</span> <span class='ocrx_word' id='word_1_123' title='bbox 988 1941 1119 2001; x_wconf 88' lang='lat' dir='ltr'>Possum</span> <span class='ocrx_word' id='word_1_124' title='bbox 1143 1941 1206 2001; x_wconf 89' lang='lat' dir='ltr'>iam</span> 
     </span>
     <span class='ocr_line' id='line_1_17' title="bbox 201 2045 1205 2126; baseline -0.001 -20"><span class='ocrx_word' id='word_1_125' title='bbox 201 2053 341 2126; x_wconf 88' lang='lat' dir='ltr'>repetere</span> <span class='ocrx_word' id='word_1_126' title='bbox 362 2065 519 2108; x_wconf 87' lang='lat' dir='ltr'>secessum</span> <span class='ocrx_word' id='word_1_127' title='bbox 533 2054 566 2106; x_wconf 89' lang='lat' dir='ltr'>et</span> <span class='ocrx_word' id='word_1_128' title='bbox 580 2046 714 2107; x_wconf 87' lang='lat' dir='ltr'>scribere</span> <span class='ocrx_word' id='word_1_129' title='bbox 735 2045 857 2123; x_wconf 91' lang='lat' dir='ltr'>aliquid</span> <span class='ocrx_word' id='word_1_130' title='bbox 878 2045 962 2124; x_wconf 91' lang='lat' dir='ltr'>quod</span> <span class='ocrx_word' id='word_1_131' title='bbox 983 2065 1046 2105; x_wconf 92' lang='lat' dir='ltr'>non</span> <span class='ocrx_word' id='word_1_132' title='bbox 1068 2047 1205 2122; x_wconf 86' lang='lat' dir='ltr'>recitem,</span> 
     </span>
     <span class='ocr_line' id='line_1_18' title="bbox 200 2150 1206 2231; baseline 0 -20"><span class='ocrx_word' id='word_1_133' title='bbox 200 2170 241 2213; x_wconf 90' lang='lat' dir='ltr'>ne</span> <span class='ocrx_word' id='word_1_134' title='bbox 254 2152 372 2227; x_wconf 84' lang='lat' dir='ltr'>videar,</span> <span class='ocrx_word' id='word_1_135' title='bbox 384 2170 516 2231; x_wconf 90' lang='lat' dir='ltr'>quorum</span> <span class='ocrx_word' id='word_1_136' title='bbox 531 2151 767 2212; x_wconf 87' lang='lat' dir='ltr'>recitationibus</span> <span class='ocrx_word' id='word_1_137' title='bbox 782 2150 880 2225; x_wconf 88' lang='lat' dir='ltr'>adfui,</span> <span class='ocrx_word' id='word_1_138' title='bbox 891 2170 955 2210; x_wconf 92' lang='lat' dir='ltr'>nou</span> <span class='ocrx_word' id='word_1_139' title='bbox 969 2151 1092 2210; x_wconf 86' lang='lat' dir='ltr'>auditor</span> <span class='ocrx_word' id='word_1_140' title='bbox 1106 2151 1206 2211; x_wconf 86' lang='lat' dir='ltr'>fuisse</span> 
     </span>
     <span class='ocr_line' id='line_1_19' title="bbox 200 2254 1206 2318; baseline -0.003 0"><span class='ocrx_word' id='word_1_141' title='bbox 200 2257 256 2318; x_wconf 88' lang='lat' dir='ltr'>sed</span> <span class='ocrx_word' id='word_1_142' title='bbox 278 2257 422 2317; x_wconf 89' lang='lat' dir='ltr'>creditor.</span> <span class='ocrx_word' id='word_1_143' title='bbox 464 2258 548 2316; x_wconf 85' lang='lat' dir='ltr'>Nam</span> <span class='ocrx_word' id='word_1_144' title='bbox 569 2256 660 2316; x_wconf 91' lang='lat' dir='ltr'>utin</span> <span class='ocrx_word' id='word_1_145' title='bbox 681 2254 793 2315; x_wconf 88' lang='lat' dir='ltr'>ceteris</span> <span class='ocrx_word' id='word_1_146' title='bbox 814 2255 906 2314; x_wconf 90' lang='lat' dir='ltr'>rebus</span> <span class='ocrx_word' id='word_1_147' title='bbox 929 2254 977 2315; x_wconf 86' lang='lat' dir='ltr'>ita</span> <span class='ocrx_word' id='word_1_148' title='bbox 1000 2254 1034 2314; x_wconf 93' lang='lat' dir='ltr'>in</span> <span class='ocrx_word' id='word_1_149' title='bbox 1057 2255 1206 2315; x_wconf 90' lang='lat' dir='ltr'>audiendi</span> 
     </span>
    </p>
   </div>
   <div class='ocr_carea' id='block_1_3' title="bbox 200 2360 901 2441">
    <p class='ocr_par' dir='ltr' id='par_1_3' title="bbox 200 2360 901 2441">
     <span class='ocr_line' id='line_1_20' title="bbox 200 2360 901 2441; baseline -0.004 -19"><span class='ocrx_word' id='word_1_150' title='bbox 200 2361 301 2423; x_wconf 88' lang='lat' dir='ltr'>officio</span> <span class='ocrx_word' id='word_1_151' title='bbox 315 2362 400 2441; x_wconf 90' lang='lat' dir='ltr'>perit</span> <span class='ocrx_word' id='word_1_152' title='bbox 414 2360 524 2438; x_wconf 87' lang='lat' dir='ltr'>gratia,</span> <span class='ocrx_word' id='word_1_153' title='bbox 540 2361 567 2422; x_wconf 89' lang='lat' dir='ltr'>si</span> <span class='ocrx_word' id='word_1_154' title='bbox 582 2367 771 2439; x_wconf 87' lang='lat' dir='ltr'>reposcatur.</span> <span class='ocrx_word' id='word_1_155' title='bbox 813 2360 901 2420; x_wconf 86' lang='lat' dir='ltr'>Vale.</span> 
     </span>
    </p>
   </div>
   <div class='ocr_carea' id='block_1_4' title="bbox 605 2632 804 2713">
    <p class='ocr_par' dir='ltr' id='par_1_4' title="bbox 605 2632 804 2713">
     <span class='ocr_line' id='line_1_21' title="bbox 605 2632 804 2713; baseline -0.025 -17"><span class='ocrx_word' id='word_1_156' title='bbox 605 2634 659 2696; x_wconf 78' lang='grc' dir='ltr'>ιο.</span> <span class='ocrx_word' id='word_1_157' title='bbox 687 2632 804 2713; x_wconf 77' lang='lat' dir='ltr'>(xw.)</span> 
     </span>
    </p>
   </div>
   <div class='ocr_carea' id='block_1_5' title="bbox 373 2801 1039 2855">
    <p class='ocr_par' dir='ltr' id='par_1_5' title="bbox 373 2801 1039 2855">
     <span class='ocr_line' id='line_1_22' title="bbox 373 2801 1039 2855; baseline -0.002 0"><span class='ocrx_word' id='word_1_158' title='bbox 373 2804 403 2855; x_wconf 86' lang='lat' dir='ltr'>C.</span> <span class='ocrx_word' id='word_1_159' title='bbox 429 2803 575 2855; x_wconf 81' lang='lat' dir='ltr'>PLINIUS</span> <span class='ocrx_word' id='word_1_160' title='bbox 598 2801 703 2854; x_wconf 84' lang='lat' dir='ltr'><strong>IUNIO</strong></span> <span class='ocrx_word' id='word_1_161' title='bbox 727 2801 897 2853; x_wconf 80' lang='lat' dir='ltr'>MAURICO</span> <span class='ocrx_word' id='word_1_162' title='bbox 921 2801 989 2852; x_wconf 90' lang='lat' dir='ltr'>SUO</span> <span class='ocrx_word' id='word_1_163' title='bbox 1012 2802 1039 2854; x_wconf 90' lang='lat' dir='ltr'>S.</span> 
     </span>
    </p>
   </div>
   <div class='ocr_carea' id='block_1_6' title="bbox 259 2949 1148 3017">
    <p class='ocr_par' dir='ltr' id='par_1_6' title="bbox 259 2949 1148 3017">
     <span class='ocr_line' id='line_1_23' title="bbox 259 2949 1148 3017; baseline -0.004 -14"><span class='ocrx_word' id='word_1_164' title='bbox 259 2950 355 3003; x_wconf 74' lang='lat' dir='ltr'>clroiu</span> <span class='ocrx_word' id='word_1_165' title='bbox 367 2954 399 3016; x_wconf 84' lang='lat' dir='ltr'>os</span> <span class='ocrx_word' id='word_1_166' title='bbox 406 2966 423 3003; x_wconf 87' lang='grc' dir='ltr'><strong><em>α</em></strong></span> <span class='ocrx_word' id='word_1_167' title='bbox 435 2951 560 3002; x_wconf 76' lang='lat' dir='ltr'>husband</span> <span class='ocrx_word' id='word_1_168' title='bbox 565 2951 615 3014; x_wconf 90' lang='lat' dir='ltr'>sor</span> <span class='ocrx_word' id='word_1_169' title='bbox 626 2951 668 3000; x_wconf 76' lang='lat' dir='ltr'>tte</span> <span class='ocrx_word' id='word_1_170' title='bbox 680 2950 811 3013; x_wconf 63' lang='grc'>55595555</span> <span class='ocrx_word' id='word_1_171' title='bbox 823 2949 856 3012; x_wconf 87' lang='lat' dir='ltr'>os</span> <span class='ocrx_word' id='word_1_172' title='bbox 862 2949 1000 3017; x_wconf 73' lang='lat' dir='ltr'>Arulenus</span> <span class='ocrx_word' id='word_1_173' title='bbox 1012 2949 1148 3000; x_wconf 80' lang='lat' dir='ltr'>Rusticus.</span> 
     </span>
    </p>
   </div>
   <div class='ocr_carea' id='block_1_7' title="bbox 148 3092 1236 3805">
    <p class='ocr_par' dir='ltr' id='par_1_7' title="bbox 150 3092 1236 3595">
     <span class='ocr_line' id='line_1_24' title="bbox 150 3092 1236 3172; baseline -0.007 -15"><span class='ocrx_word' id='word_1_174' title='bbox 150 3111 180 3157; x_wconf 77' lang='lat' dir='ltr'>uo</span> <span class='ocrx_word' id='word_1_175' title='bbox 239 3096 328 3157; x_wconf 87' lang='lat' dir='ltr'>Petis</span> <span class='ocrx_word' id='word_1_176' title='bbox 352 3102 388 3157; x_wconf 92' lang='lat' dir='ltr'>ut</span> <span class='ocrx_word' id='word_1_177' title='bbox 410 3096 521 3158; x_wconf 86' lang='lat' dir='ltr'>fratris</span> <span class='ocrx_word' id='word_1_178' title='bbox 543 3095 591 3155; x_wconf 90' lang='lat' dir='ltr'>tui</span> <span class='ocrx_word' id='word_1_179' title='bbox 614 3094 698 3154; x_wconf 89' lang='lat' dir='ltr'>filiae</span> <span class='ocrx_word' id='word_1_180' title='bbox 720 3093 910 3172; x_wconf 86' lang='lat' dir='ltr'>prospiciam</span> <span class='ocrx_word' id='word_1_181' title='bbox 932 3092 1097 3170; x_wconf 82' lang='lat' dir='ltr'>maritum3</span> <span class='ocrx_word' id='word_1_182' title='bbox 1120 3094 1203 3171; x_wconf 93' lang='lat' dir='ltr'>quod</span> <span class='ocrx_word' id='word_1_183' title='bbox 1223 3105 1236 3149; x_wconf 94' lang='lat'>1</span> 
     </span>
     <span class='ocr_line' id='line_1_25' title="bbox 199 3197 1203 3279; baseline -0.003 -18"><span class='ocrx_word' id='word_1_184' title='bbox 199 3202 312 3262; x_wconf 89' lang='lat' dir='ltr'>merito</span> <span class='ocrx_word' id='word_1_185' title='bbox 339 3202 419 3262; x_wconf 89' lang='lat' dir='ltr'>mihi</span> <span class='ocrx_word' id='word_1_186' title='bbox 445 3201 644 3279; x_wconf 88' lang='lat' dir='ltr'>potissimum</span> <span class='ocrx_word' id='word_1_187' title='bbox 673 3198 820 3274; x_wconf 86' lang='lat' dir='ltr'>iniungis.</span> <span class='ocrx_word' id='word_1_188' title='bbox 877 3198 945 3257; x_wconf 85' lang='lat' dir='ltr'>Scis</span> <span class='ocrx_word' id='word_1_189' title='bbox 974 3197 1057 3256; x_wconf 90' lang='lat' dir='ltr'>enim</span> <span class='ocrx_word' id='word_1_190' title='bbox 1085 3205 1203 3276; x_wconf 84' lang='lat' dir='ltr'>quanto</span> 
     </span>
     <span class='ocr_line' id='line_1_26' title="bbox 199 3302 1200 3384; baseline -0.004 -18"><span class='ocrx_word' id='word_1_191' title='bbox 199 3325 291 3384; x_wconf 90' lang='lat' dir='ltr'>opere</span> <span class='ocrx_word' id='word_1_192' title='bbox 320 3326 476 3367; x_wconf 92' lang='lat' dir='ltr'>summum</span> <span class='ocrx_word' id='word_1_193' title='bbox 503 3305 595 3365; x_wconf 91' lang='lat' dir='ltr'>illum</span> <span class='ocrx_word' id='word_1_194' title='bbox 619 3304 721 3363; x_wconf 86' lang='lat' dir='ltr'>virum</span> <span class='ocrx_word' id='word_1_195' title='bbox 747 3302 943 3379; x_wconf 84' lang='lat' dir='ltr'>suspexerim</span> <span class='ocrx_word' id='word_1_196' title='bbox 966 3302 1200 3380; x_wconf 84' lang='lat' dir='ltr'>dilexerimque,</span> 
     </span>
     <span class='ocr_line' id='line_1_27' title="bbox 199 3407 1200 3490; baseline -0.004 -19"><span class='ocrx_word' id='word_1_197' title='bbox 199 3412 313 3490; x_wconf 90' lang='lat' dir='ltr'>quibus</span> <span class='ocrx_word' id='word_1_198' title='bbox 332 3411 387 3472; x_wconf 95' lang='lat' dir='ltr'>ille</span> <span class='ocrx_word' id='word_1_199' title='bbox 408 3409 653 3472; x_wconf 86' lang='lat' dir='ltr'>adulescentiam</span> <span class='ocrx_word' id='word_1_200' title='bbox 674 3427 776 3469; x_wconf 89' lang='lat' dir='ltr'>meam</span> <span class='ocrx_word' id='word_1_201' title='bbox 790 3407 1060 3468; x_wconf 86' lang='lat' dir='ltr'>exhortationibus</span> <span class='ocrx_word' id='word_1_202' title='bbox 1076 3408 1200 3481; x_wconf 88' lang='lat' dir='ltr'>foverit,</span> 
     </span>
     <span class='ocr_line' id='line_1_28' title="bbox 199 3512 1199 3595; baseline -0.006 -19"><span class='ocrx_word' id='word_1_203' title='bbox 199 3518 312 3595; x_wconf 91' lang='lat' dir='ltr'>quibus</span> <span class='ocrx_word' id='word_1_204' title='bbox 342 3517 439 3577; x_wconf 86' lang='lat' dir='ltr'>etiam</span> <span class='ocrx_word' id='word_1_205' title='bbox 466 3516 612 3576; x_wconf 90' lang='lat' dir='ltr'>laudibus</span> <span class='ocrx_word' id='word_1_206' title='bbox 634 3520 671 3574; x_wconf 88' lang='lat' dir='ltr'>ut</span> <span class='ocrx_word' id='word_1_207' title='bbox 698 3512 873 3574; x_wconf 89' lang='lat' dir='ltr'>laudandus</span> <span class='ocrx_word' id='word_1_208' title='bbox 901 3512 1024 3571; x_wconf 84' lang='lat' dir='ltr'>viderer</span> <span class='ocrx_word' id='word_1_209' title='bbox 1052 3512 1199 3571; x_wconf 85' lang='lat' dir='ltr'>effecerit.</span> 
     </span>
    </p>

    <p class='ocr_par' dir='ltr' id='par_1_8' title="bbox 148 3617 1235 3805">
     <span class='ocr_line' id='line_1_29' title="bbox 148 3617 1235 3699; baseline -0.005 -20"><span class='ocrx_word' id='word_1_210' title='bbox 148 3633 177 3679; x_wconf 78' lang='lat'>25</span> <span class='ocrx_word' id='word_1_211' title='bbox 198 3622 289 3681; x_wconf 88' lang='lat' dir='ltr'>Nihil</span> <span class='ocrx_word' id='word_1_212' title='bbox 305 3627 353 3682; x_wconf 89' lang='lat' dir='ltr'>est</span> <span class='ocrx_word' id='word_1_213' title='bbox 370 3622 453 3699; x_wconf 91' lang='lat' dir='ltr'>quod</span> <span class='ocrx_word' id='word_1_214' title='bbox 467 3640 485 3680; x_wconf 90' lang='lat' dir='ltr'>a</span> <span class='ocrx_word' id='word_1_215' title='bbox 499 3626 531 3681; x_wconf 89' lang='lat' dir='ltr'>tc</span> <span class='ocrx_word' id='word_1_216' title='bbox 546 3619 689 3679; x_wconf 87' lang='lat' dir='ltr'>mandari</span> <span class='ocrx_word' id='word_1_217' title='bbox 703 3617 783 3678; x_wconf 88' lang='lat' dir='ltr'>mihi</span> <span class='ocrx_word' id='word_1_218' title='bbox 798 3623 853 3677; x_wconf 88' lang='lat' dir='ltr'>aut</span> <span class='ocrx_word' id='word_1_219' title='bbox 873 3617 974 3677; x_wconf 89' lang='lat' dir='ltr'>maius</span> <span class='ocrx_word' id='word_1_220' title='bbox 995 3622 1050 3676; x_wconf 89' lang='lat' dir='ltr'>aut</span> <span class='ocrx_word' id='word_1_221' title='bbox 1071 3617 1199 3691; x_wconf 82' lang='lat' dir='ltr'>gratius,</span> <span class='ocrx_word' id='word_1_222' title='bbox 1221 3630 1235 3674; x_wconf 84' lang='lat'>2</span> 
     </span>
     <span class='ocr_line' id='line_1_30' title="bbox 199 3721 1200 3805; baseline -0.006 -20"><span class='ocrx_word' id='word_1_223' title='bbox 199 3725 280 3786; x_wconf 90' lang='lat' dir='ltr'>nihil</span> <span class='ocrx_word' id='word_1_224' title='bbox 296 3727 380 3805; x_wconf 91' lang='lat' dir='ltr'>quod</span> <span class='ocrx_word' id='word_1_225' title='bbox 393 3725 557 3785; x_wconf 88' lang='lat' dir='ltr'>honestius</span> <span class='ocrx_word' id='word_1_226' title='bbox 571 3744 590 3785; x_wconf 89' lang='lat' dir='ltr'>a</span> <span class='ocrx_word' id='word_1_227' title='bbox 604 3743 653 3784; x_wconf 92' lang='lat' dir='ltr'>me</span> <span class='ocrx_word' id='word_1_228' title='bbox 668 3722 786 3801; x_wconf 87' lang='lat' dir='ltr'>suscipi</span> <span class='ocrx_word' id='word_1_229' title='bbox 807 3721 908 3800; x_wconf 85' lang='lat' dir='ltr'>possit</span> <span class='ocrx_word' id='word_1_230' title='bbox 929 3740 1023 3799; x_wconf 90' lang='lat' dir='ltr'>quam</span> <span class='ocrx_word' id='word_1_231' title='bbox 1037 3727 1073 3779; x_wconf 92' lang='lat' dir='ltr'>ut</span> <span class='ocrx_word' id='word_1_232' title='bbox 1087 3721 1200 3796; x_wconf 87' lang='lat' dir='ltr'>eligam</span> 
     </span>
    </p>
   </div>
   <div class='ocr_carea' id='block_1_8' title="bbox 0 0 1396 4164">
    <p class='ocr_par' dir='ltr' id='par_1_9' title="bbox 0 0 1396 4164">
     <span class='ocr_line' id='line_1_31' title="bbox 0 0 1396 4164; baseline 0 3"><span class='ocrx_word' id='word_1_233' title='bbox 0 0 1396 4164; x_wconf 95' lang='lat' dir='ltr'> </span> 
     </span>
    </p>
   </div>
  </div>
 </body>
</html>
