2782 4164
206 272 248 337 78
623 282 663 349 ⁴c.
682 281 782 331 rnnu

206 455 408 533 culorumque
425 458 481 515 est.
524 453 577 513 An
590 472 647 514 nos
667 452 873 530 sapientiores
892 451 1061 513 maioribus
1081 451 1208 527 nostris,
1229 461 1244 506 6

206 580 263 620 nos
284 559 405 636 legibus
426 560 504 637 ipsis
526 559 681 634 iustiores,
703 576 784 636 quae
804 564 852 617 tot
873 558 974 632 horas,
996 563 1044 617 tot
1065 557 1142 632 dies,
1162 562 1210 617 tot

207 664 547 742 comperendinationes
578 663 781 740 largiuntur?
817 663 944 723 hebetes
979 662 1028 721 illi
1056 668 1088 722 et
1115 681 1211 739 supra

208 770 333 829 modum
348 770 442 844 tardi,
457 788 513 829 nos
529 770 667 847 apertius
682 768 824 843 dicimus,
840 767 971 828 celerius
986 766 1209 843 intellegimus,

173 875 385 951 irreligiosius
406 874 591 949 iudicamus,
613 874 688 952 quia
708 873 907 950 paucioribus
929 872 1104 951 clepsydris
1126 890 1212 950 prae-

208 980 376 1057 cipitamus
404 997 514 1039 causas
542 998 635 1056 quam
663 979 774 1039 diebus
799 977 950 1055 explicari
975 976 1141 1038 solebant?
1184 976 1245 1037 07

209 1085 340 1160 Regnle,
360 1084 414 1162 qui
434 1084 604 1145 ambitione
626 1085 665 1145 ab
683 1083 827 1144 omnibus
847 1083 1010 1143 obtinebas
1032 1083 1115 1159 quod
1135 1081 1211 1141 fidei

210 1189 392 1268 paucissimi
419 1191 597 1267 praestanti
639 1188 795 1266 Equidem
820 1188 974 1265 quotiens¹
991 1187 1103 1261 iudico,
1127 1187 1211 1264 quod

209 1294 261 1354 vel
284 1295 408 1371 saepius
432 1294 516 1353 facio
540 1312 633 1371 quam
658 1293 737 1368 dico,
763 1298 914 1370 quantum
943 1292 1014 1369 quis
1042 1291 1211 1369 plurimum

162 1411 191 1458 10
211 1399 350 1477 postulat
374 1416 472 1476 aquae
496 1399 543 1458 do.
586 1399 713 1457 Etenim
736 1397 938 1458 temerarium
961 1397 1108 1457 existimo
1136 1396 1247 1471 divi-,8

211 1523 286 1564 nare
301 1523 394 1582 quam
410 1504 549 1582 spatiosa
563 1504 605 1564 sit
619 1521 712 1563 causa
726 1503 869 1562 inaudita
883 1509 1069 1580 tempusque
1086 1502 1212 1578 negotio

210 1609 302 1677 finire
331 1609 418 1669 cuius
446 1610 572 1668 modum
601 1608 734 1684 ignores,
762 1609 946 1686 praesertim
974 1627 1045 1667 cum
1080 1607 1213 1685 primam

211 1714 356 1790 religioni
372 1732 445 1773 suae
460 1714 554 1773 iudex
568 1713 754 1790 patientiam
772 1713 893 1788 debeat,
909 1731 988 1790 quae
1007 1731 1080 1790 pars
1100 1731 1214 1788 magna

212 1819 354 1879 iustitiae
368 1824 424 1878 est.
461 1818 506 1877 At
520 1818 673 1894 quaedam
688 1836 881 1894 supervacua
895 1818 1051 1877 dicuntur.
1089 1817 1211 1877 Etiam:

164 1937 193 1983 15
212 1925 267 1984 sed
292 1923 391 1984 satius
415 1928 520 1983 estet
544 1922 618 1981 haec
647 1922 710 1981 dici
732 1942 825 1999 quam
850 1942 913 1981 non
940 1922 1003 1982 dici
1028 1921 1210 1982 necessaria

212 2031 379 2088 Praeterea
402 2047 442 2088 an
462 2027 532 2104 sint
556 2045 755 2104 supervacua,
781 2027 844 2087 nisi
868 2046 938 2087 cum
962 2027 1108 2102 audieris,
1134 2027 1213 2087 scire
1232 2042 1248 2088 9

212 2154 275 2193 non
299 2134 409 2211 possis.
453 2133 514 2193 Sed
539 2133 579 2192 de
603 2132 652 2193 his
677 2133 790 2193 melius
815 2152 927 2208 coram,
948 2138 985 2192 ut
1008 2133 1048 2192 de
1070 2132 1213 2210 pluribus

212 2237 300 2299 vitiis
328 2237 477 2297 civitatis.
532 2238 617 2296 Nam
643 2244 679 2297 tu
711 2256 834 2314 quoque
865 2255 968 2297 amore
1002 2236 1214 2296 communium

213 2342 294 2404 soles
318 2343 478 2402 emendari
502 2360 615 2420 cupere
639 2361 718 2419 qnae
742 2342 805 2401 iam
831 2342 984 2417 corrigere
1009 2340 1135 2400 difficile
1155 2345 1212 2402 est.

163 2460 194 2506 20
212 2448 306 2506 Nunc
320 2447 523 2524 respiciamus
541 2447 648 2507 domos
667 2452 799 2506 nostras.
842 2447 965 2523 Ecquid
982 2446 1088 2505 omnia
1106 2445 1140 2504 in
1158 2452 1215 2506 tua
1235 2463 1264 2509 10

212 2555 321 2613 recte?
343 2550 378 2611 in
398 2570 467 2611 mea
485 2551 558 2610 novi
575 2551 665 2610 nihil.
708 2551 791 2610 Mihi
810 2557 914 2610 autem
934 2557 967 2611 et
986 2551 1123 2626 gratiora
1139 2556 1214 2611 sunt

212 2657 302 2732 bona,
330 2657 414 2734 quod
448 2661 658 2733 perseverant,
687 2662 719 2715 et
747 2655 864 2715 leviora
898 2655 1102 2730 incommoda,
1130 2655 1215 2732 quod

212 2762 350 2822 adsuevi.
393 2762 480 2822 Vale.

627 2919 679 2980 es.
708 2890 800 2998 (111.)

482 3087 511 3138 C.
537 3086 683 3137 PLINIUS
705 3085 805 3137 VERO
828 3085 896 3137 SUO
916 3085 942 3137 S.

371 3242 426 3295 Tbe
439 3246 505 3294 little
511 3246 588 3307 sarm
600 3246 677 3306 picea
689 3243 721 3304 by
734 3243 816 3304 Puer
827 3249 853 3293 to
865 3243 907 3293 bis
919 3243 965 3294 old
976 3257 1062 3294 nurse.

254 3389 380 3452 Gratias
395 3407 454 3465 ago
468 3389 552 3466 quod
569 3388 704 3465 agelium
724 3406 817 3464 quem
837 3387 954 3447 nutrici
975 3405 1062 3447 meae
1083 3387 1215 3447 donare
1235 3398 1249 3444 1

164 3509 192 3555 25
213 3515 280 3556 ram
301 3494 466 3554 colendum
481 3493 663 3571 suscepisti.
714 3496 798 3567 Erat,
819 3512 888 3552 cum
910 3494 1066 3567 donarem,
1089 3499 1215 3552 centum

212 3601 335 3660 milium
356 3619 534 3659 nummum:
557 3605 666 3676 postea
690 3599 887 3659 decrescente
912 3599 1016 3657 reditu
1033 3597 1130 3657 etiam
1151 3617 1217 3675 pre-

212 3706 292 3766 tium
307 3704 431 3779 minuit,
447 3704 530 3782 quod
546 3721 628 3762 nunc
646 3709 677 3762 te
695 3709 824 3763 curante
845 3702 1011 3780 reparabit.
1055 3704 1103 3761 Tu
1124 3703 1216 3762 modo
1236 3712 1251 3758 2
