2782 4164
199 299 221 358 4
631 311 662 364 0.
677 311 778 363 PLINI

200 479 361 550 ‘Quaeris'
382 481 512 560 inquam
533 483 626 561 ‘quid
646 483 798 545 sentiam:
817 472 855 545 at
875 503 932 561 ego
952 504 1006 561 ne
1012 487 1204 563 interrogare
1224 506 1238 552 7

188 585 326 672 quidem
350 587 400 648 fas
421 593 499 666 puto
520 588 559 648 de
580 608 642 667 quo
662 589 898 667 pronuntiatum
921 592 988 651 est!
1027 590 1236 652 Conticuit:

198 710 248 751 me
269 691 338 753 laus
360 698 392 753 et
413 693 583 803 gratulatio
602 700 709 785 secuta
728 699 785 770 est,
801 696 885 774 quod
899 715 955 756 nec
969 697 1088 757 famam
1101 715 1203 757 meam

199 795 306 875 aliquo
319 790 478 876 responso,
489 780 566 859 utili
579 774 724 875 fortasse,
739 799 906 861 inhonesto
921 806 1036 877 tamen,
1051 800 1203 861 laeseram

163 915 179 962 ι
198 919 255 962 nec
269 921 319 963 me
333 902 454 982 laqueis
468 909 536 964 tam
546 903 715 985 insidiosae
729 904 985 982 interrogationis
999 905 1201 966 involverem.

197 1006 292 1067 Nunc
319 1026 392 1085 ergo
421 1008 613 1069 conscientia
640 1009 809 1070 exterritus
839 1009 1049 1090 adprehendit
1076 1011 1237 1072 Caecili-8

197 1131 252 1172 nm
279 1112 430 1189 Celerem,
458 1133 532 1172 mox
559 1113 708 1173 Fabium'
723 1114 857 1191 Iustum,
885 1121 975 1192 rogat
1001 1120 1037 1175 ut
1063 1134 1113 1175 me
1141 1116 1202 1176 sibi

198 1217 410 1279 reconcilient.
461 1219 530 1278 Nec
554 1224 729 1295 contentus,
747 1220 899 1313 pervenit
926 1221 966 1280 ad
995 1219 1200 1298 Spurinnam:

197 1323 272 1384 huic
291 1322 485 1403 suppliciter,
506 1329 544 1383 ut
564 1329 613 1383 eet
632 1342 704 1385 cum
722 1324 815 1385 timet
833 1324 1072 1401 abiectissimus,
1095 1327 1201 1402 ‘rogo'

149 1444 179 1491 10
197 1429 303 1507 inquit
317 1433 423 1489 ‘mane
437 1429 546 1490 videas
557 1428 698 1488 Plinium
709 1429 803 1505 domi,
813 1430 868 1489 sed
882 1429 975 1509 plane
986 1448 1077 1490 mane
1088 1429 1201 1509 (neque

198 1535 282 1594 enim
310 1533 430 1594 diutius
458 1535 540 1594 ferre
568 1533 814 1594 sollicitudinem
841 1536 993 1631 possum),
1018 1540 1050 1595 et
1077 1554 1202 1614 quoquo

197 1640 290 1699 modo
306 1638 422 1700 efficias
436 1657 475 1699 ne
490 1638 570 1698 mihi
586 1639 758 1699 irascatur!
799 1620 1050 1716 Evigilaveram·
1070 1641 1236 1700 nuntiuss

198 1744 410 1824 aSpurinna:
437 1743 543 1804 ‘venio
564 1743 605 1804 ad
626 1744 676 1803 ιθ.’
716 1744 835 1803 ‘Immo
853 1763 911 1821 ego
929 1744 971 1805 ad
988 1746 1039 1805 ιθ)
1075 1745 1201 1806 Coimus

198 1851 232 1910 in
256 1850 380 1928 porticu
404 1848 524 1924 Liviae,
554 1866 626 1908 cum
652 1847 733 1908 alter
760 1849 802 1909 ad
829 1849 963 1909 alterum
992 1850 1199 1911 tenderemus.

149 1971 177 2017 15
198 1955 339 2033 Exponit
359 1953 475 2030 Reguli
494 1954 652 2030 mandata,
675 1953 765 2014 addit
786 1973 893 2032 preces
915 1974 996 2030 suas,
1014 1959 1051 2014 ut
1071 1955 1202 2016 decebat

198 2060 351 2139 optimum
378 2059 482 2119 virum
504 2078 561 2138 pro
581 2056 803 2134 dissimillimo,
825 2052 925 2138 parca.
978 2059 1038 2121 Cui
1064 2078 1121 2138 ego
1143 2060 1202 2119 ‘di
1220 2077 1249 2123 ιθ

197 2165 311 2247 spiciee
326 2165 394 2244 ipse
408 2165 486 2243 quid
496 2164 739 2225 renuntiandum
751 2165 873 2240 Regulo
887 2170 996 2244 putes:
1019 2171 1051 2226 te
1065 2165 1168 2243 decipi
1183 2184 1202 2224 a

197 2290 247 2331 me
264 2291 327 2331 non
343 2275 474 2348 oportet.
516 2270 658 2348 Expecto
679 2268 869 2330 Mauricum'
885 2270 1092 2350 (nondum‘ab
1106 2269 1201 2330 exilio

197 2377 354 2457 venerat):
371 2375 457 2435 ‘ideo
471 2374 553 2434 nihil
567 2375 751 2434 alterutram
762 2374 796 2434 in
807 2380 928 2453 partem
940 2374 1127 2452 respondere
1141 2373 1201 2435 tibi

147 2498 178 2545 ao
197 2501 333 2560 possum,
356 2481 498 2541 facturus
521 2479 676 2558 quidquid
701 2479 755 2539 ille
780 2479 970 2556 decreverit3
1000 2479 1092 2538 illum
1116 2479 1200 2539 enim

197 2605 265 2647 esse
289 2585 383 2645 huius
406 2583 530 2645 consilii
552 2585 672 2659 ducem,
693 2603 743 2644 me
764 2584 909 2644 comitem
931 2584 1039 2645 decet!
1080 2585 1200 2645 Paucos
1220 2602 1249 2649 11

197 2696 269 2770 poet
289 2690 357 2751 dies
377 2691 445 2769 ipse
466 2708 516 2749 me
538 2689 678 2765 Regulus
696 2689 845 2749 convenit
863 2689 896 2749 in
915 2689 1068 2771 praetoris
1083 2687 1198 2749 officio:

197 2796 273 2855 illuc
294 2800 476 2872 persecutus
497 2801 651 2854 secretum
672 2793 769 2873 petit:
792 2793 839 2854 ait
857 2786 968 2854 timere
985 2813 1018 2854 se
1037 2812 1077 2854 ne
1096 2794 1200 2854 animo

196 2920 265 2961 meo
286 2900 412 2979 penitus
434 2899 577 2960 haereret
601 2900 686 2977 quod
707 2898 741 2958 in
763 2898 982 2960 centumvirali
1006 2898 1122 2959 iudicio
1146 2899 1201 2959 ali-

146 3026 176 3073 ns
196 3007 322 3085 quando
345 3005 487 3079 dixisset,
508 3022 579 3063 cum
600 3005 802 3082 responderet
823 3002 903 3063 mihi
924 3009 957 3064 et
979 3004 1081 3064 Satrio
1103 3004 1198 3079 Rufo,

197 3111 337 3172 ‘Satrius
357 3110 472 3185 Rufus,
489 3108 540 3168 cui
560 3128 624 3168 non
645 3114 693 3170 est
713 3128 783 3169 cum
805 3108 954 3170 Cicerone
975 3108 1153 3184 aemulatio,
1168 3115 1200 3170 et

196 3216 250 3295 qui
274 3219 440 3276 contentus
463 3220 512 3274 est
533 3213 713 3293 eloquentia
735 3213 852 3274 saeculi
874 3213 996 3274 nostri?
1037 3214 1200 3293 Respondi
1219 3232 1248 3277 ιθ

153 3354 157 3361 ·
194 3339 278 3381 nunc
298 3339 347 3380 me
369 3319 551 3396 intellegere
572 3319 709 3394 maligne
727 3318 855 3393 dictum,
870 3318 946 3397 quia
959 3318 1028 3398 ipse
1042 3319 1200 3380 confitere·

195 3431 265 3502 tur,
305 3430 443 3486 ceterum
477 3423 618 3503 potuisse
652 3422 858 3485 honorificum
889 3424 1073 3485 existimari.
1120 3426 1199 3486 ‘Est

145 3551 175 3598 ω
194 3531 295 3590 enim'
317 3529 446 3608 inquam
471 3535 479 3565 ‘
490 3528 569 3588 mihi
590 3548 660 3589 cum
682 3528 831 3589 Cicerone
852 3529 1029 3605 aemulatio,
1051 3548 1108 3589 nec
1129 3549 1198 3590 sum

193 3640 359 3696 contentus
380 3634 561 3713 eloquentia
581 3633 696 3694 saeculi
717 3633 827 3694 nostri.
869 3634 901 3693 N
903 3653 953 3695 am
976 3633 1197 3695 stultissimum
1219 3649 1246 3695 13

194 3741 286 3800 credo
297 3739 338 3800 ad
350 3738 540 3799 imitandum
554 3756 617 3797 non
631 3737 751 3816 optima
761 3757 903 3817 quaeque
916 3755 1095 3818 proponere.
1137 3739 1198 3799 Sed

1205 3815 1258 3893 l
