2782 4164
214 295 256 360 88
638 306 669 359 c.
695 305 795 358 rnnu

212 477 350 556 inquam,
377 473 469 536 ‘dum
495 474 639 538 videmus
666 495 706 536 ne
734 477 769 536 in
796 476 850 537 via
876 476 969 537 strati
996 476 1215 538 comitantium

212 581 305 642 turba
319 582 353 640 in
367 581 505 642 tenebris
519 571 716 642 obteramur!
757 582 822 642 Vix
839 582 1081 657 consideramus,
1096 588 1129 643 et
1142 601 1213 658 nox,
1235 593 1264 639 14

212 706 274 747 non
296 686 400 765 qualis
421 686 540 747 inlunis
554 692 609 746 aut
623 686 740 762 nubila,
756 686 811 746 sed
825 686 929 764 qualis
951 686 985 746 in
1006 686 1084 748 locis
1098 686 1214 748 clausis

212 790 331 851 lumine
345 791 492 851 extincto.
535 791 672 851 Audires
686 790 826 852 ululatus
840 791 1040 866 feminarum,
1054 791 1214 852 infantum

178 910 193 956 o
212 897 391 975 quiritatus,
406 896 557 957 clamores
578 896 736 955 virorum:
758 896 815 956 alii
837 902 992 974 parentes,
1008 896 1064 956 alii
1086 897 1212 972 liberos,

212 1001 268 1062 alii
289 1001 434 1077 coniuges
457 1000 586 1060 vocibus
611 1000 821 1078 requirebant,
843 1001 972 1062 vocibus
996 1002 1211 1062 noscitabant:

211 1106 247 1165 hi
274 1126 364 1167 suum
392 1124 507 1178 casum,
536 1104 585 1164 illi
614 1124 738 1165 suorum
766 1105 1011 1166 miserabantur:
1041 1112 1131 1166 erant
1158 1106 1213 1184 qui

211 1216 298 1270 metu
311 1210 422 1271 mortis
443 1216 575 1270 mortem
596 1216 813 1287 precarentur:
836 1210 929 1271 multi
950 1211 990 1271 ad
1013 1211 1087 1271 deos
1102 1231 1213 1272 manus
1234 1224 1262 1268 15

212 1315 331 1391 tollere,
359 1315 464 1393 plures
492 1334 647 1393 nusquam
675 1314 739 1375 iam
773 1316 847 1376 deos
876 1316 965 1392 ullos,
993 1323 1213 1394 aeternamque

164 1437 194 1482 ιο
213 1421 300 1480 illam
329 1426 361 1480 et
387 1419 592 1480 novissimam
624 1425 746 1480 noctem
774 1421 891 1481 mundo
918 1421 1212 1500 interpretabantur.

211 1526 279 1585 Nec
313 1526 482 1586 defuerunt
516 1525 570 1603 qui
598 1524 681 1585 fictis
708 1525 913 1604 mentitisque
940 1527 1110 1588 terroribus
1139 1527 1215 1587 vera

212 1630 351 1709 pericula
378 1636 535 1707 augerent.
593 1629 735 1690 Aderant
762 1631 817 1708 qui
850 1631 967 1692 Miseni
995 1631 1075 1692 illud
1103 1632 1213 1708 ruisse,

211 1735 293 1796 illud
313 1736 430 1811 ardere,
445 1735 528 1796 falso
543 1735 598 1795 sed
616 1735 825 1811 credentibus,
840 1736 1036 1797 nuntiabant.
1078 1736 1214 1797 Paulum
1234 1750 1264 1797 16

212 1841 345 1918 reluxit;
370 1841 455 1920 quod
477 1860 541 1901 non
562 1839 630 1902 dies
655 1841 745 1901 nobis
768 1841 823 1902 sed
845 1842 1045 1904 adventantis
1066 1841 1148 1919 ignis
1169 1842 1215 1902 in·

165 1959 193 2006 lo
212 1946 329 2007 dicium
356 1946 530 2007 videbatur.
580 1946 624 2006 Et
651 1945 734 2022 ignis
755 1946 882 2025 quidem
908 1946 1033 2024 longius
1061 1947 1213 2023 substitit,

211 2051 358 2112 tenebrae
384 2071 501 2127 rursus,
523 2050 603 2112 cinis
631 2070 738 2111 rursus
765 2050 885 2112 multus
910 2058 942 2112 et
963 2051 1075 2128 gravis.
1117 2053 1214 2113 Hunc

211 2154 385 2216 identidem
425 2157 629 2232 adsurgentes
670 2155 920 2218 excutiebamus:
956 2156 1058 2235 operti
1095 2156 1214 2236 alioqui

212 2266 305 2340 atque
333 2260 427 2321 etiam
456 2260 549 2321 oblisi
576 2261 712 2339 pondere
739 2279 886 2322 essemus.
928 2263 1057 2322 Possem
1085 2262 1214 2339 gloriari
1234 2278 1263 2325 1⁷

211 2384 275 2425 non
295 2366 446 2441 gemitum
469 2365 558 2442 mihi,
573 2385 637 2426 non
657 2383 765 2425 vocem
787 2385 898 2444 parum
919 2367 1034 2428 fortem
1058 2366 1092 2426 in
1114 2368 1214 2429 tantis

163 2487 194 2534 ac
212 2469 359 2549 periculis
380 2471 544 2546 excidisse,
558 2471 620 2532 nisi
638 2489 686 2531 me
703 2489 775 2531 oum
795 2471 949 2547 omnibus,
965 2473 1071 2533 omnia
1090 2491 1213 2534 mecum

212 2575 313 2654 perire
340 2575 463 2651 misero,
485 2595 598 2654 magno
620 2582 726 2636 tamen
748 2576 953 2638 mortalitatis
981 2577 1096 2638 solacio
1117 2578 1214 2638 eredi-

211 2680 336 2741 dissem.
386 2681 527 2741 Tandem
554 2680 613 2741 illa
639 2680 739 2757 caligo
764 2687 895 2742 tenuata
917 2682 1008 2760 quasi
1032 2683 1066 2742 in
1089 2683 1212 2744 fumum
1233 2699 1263 2746 1⁸

211 2784 397 2847 nebulamve
419 2785 580 2846 discessit:
602 2805 676 2846 mox
697 2785 763 2847 dies
777 2805 879 2862 verus,
896 2786 941 2847 sol
964 2786 1059 2847 etiam
1082 2787 1212 2864 effulsit,

211 2890 333 2952 luridus
356 2897 470 2967 tamen,
494 2891 597 2969 qualis
619 2909 696 2966 esse,
711 2910 783 2951 cum
804 2891 917 2968 deficit,
936 2892 1024 2953 solet.
1068 2892 1214 2954 Occursa-

163 3015 192 3061 ro
211 2996 288 3056 bant
312 2995 544 3074 trepidantibus
569 2995 671 3056 adhuc
693 2996 791 3058 oculis
813 3002 937 3057 mutata
958 2997 1064 3058 omnia
1086 2998 1212 3077 altoque

210 3101 323 3176 cinere,
334 3106 496 3179 tamquam
509 3101 591 3176 nive,
603 3100 745 3161 obducta
786 3100 934 3178 Regressi
949 3102 1116 3179 Misenum,
1128 3121 1213 3164 cura·
1233 3123 1263 3169 19

210 3205 253 3266 tis
275 3211 445 3284 utcumque
466 3206 647 3285 corporibus
667 3224 851 3284 suspensam
879 3206 1067 3285 dubiamque
1088 3214 1213 3268 noctem

211 3330 266 3390 spe
281 3330 317 3371 ac
332 3317 417 3370 metu
430 3311 599 3388 exegimus.
641 3312 748 3372 Metus
769 3311 985 3389 praevalebat:
1007 3331 1080 3372 nam
1101 3318 1134 3372 et
1154 3319 1213 3373 tre-

211 3435 279 3476 mor
300 3422 401 3476 terrae
423 3417 643 3494 perseverabat
664 3421 697 3476 et
716 3415 859 3494 plerique
883 3416 1041 3495 lymphati
1066 3417 1213 3479 terrificis

163 3538 193 3584 ω
212 3521 488 3583 vaticinationibus
516 3528 549 3582 et
577 3540 634 3582 sua
660 3527 692 3581 et
719 3520 822 3581 aliena
848 3521 934 3582 mala
960 3521 1211 3584 ludificabantur.

211 3627 312 3688 Nobis
340 3632 447 3686 tamen
474 3645 513 3686 ne
540 3632 615 3686 tunc
643 3626 779 3704 quidem,
803 3645 992 3705 quamquam
1019 3633 1051 3687 et
1073 3629 1213 3706 expertis
1231 3645 1263 3692 ao

211 3730 384 3811 periculum
408 3737 441 3792 et
468 3731 732 3810 exspectantibus,
756 3731 891 3792 abeundi
919 3731 1093 3809 consilium,
1116 3734 1214 3795 donec
