2782 4164
501 306 763 358 EPISTULARUM
786 305 821 359 V.
840 305 882 358 21.

572 539 626 600 or.
655 536 809 618 (xvrn.)

328 695 359 749 0.
385 696 530 748 PLINIUS
553 695 762 746 CALPURNIO
785 693 915 746 Moeno
938 693 1005 745 SUO
1028 693 1055 746 S.

596 841 716 905 0011111111
722 842 790 905 jove.

154 1001 171 1047 1
232 990 317 1050 Bene
345 995 394 1051 est
417 989 505 1064 mihi,
530 989 605 1066 quia
633 988 692 1048 tibi
719 988 798 1047 bene
823 993 878 1048 est.
932 987 1040 1048 Habes
1064 1005 1193 1047 uxorem

191 1100 305 1171 tecum,
330 1094 425 1155 habes
450 1094 568 1170 filium3
600 1093 716 1153 frueris
741 1093 828 1167 mari,
855 1092 1004 1168 fontibus,
1029 1092 1192 1166 viridibus

191 1218 275 1276 agro,
290 1198 368 1259 villa
382 1177 609 1260 amoenissima.
651 1198 763 1274 Neque
782 1197 863 1256 enim
882 1196 992 1257 dubito
1009 1214 1077 1257 esse
1096 1214 1194 1257 amne

191 1304 364 1380 nissimam,
379 1304 413 1364 in
426 1322 490 1382 qua
503 1322 536 1364 se
550 1308 755 1380 conposuerat
770 1303 862 1360 homo
876 1301 999 1361 felicior
1013 1307 1085 1361 ante
1099 1319 1194 1379 quam

156 1425 172 1471 1
192 1409 396 1471 felicissimus
416 1408 514 1469 fieret.
557 1409 625 1483 Ego
646 1408 680 1466 in
701 1407 811 1466 Tuscis
839 1412 871 1465 et
892 1424 988 1465 venor
1015 1412 1046 1465 et
1074 1407 1193 1480 studeo,
1213 1419 1229 1466 0

193 1533 273 1592 quae
286 1514 445 1574 interdum
462 1513 593 1574 alternis
611 1512 771 1572 interdum
791 1511 884 1571 simul
905 1510 997 1585 facio,
1012 1528 1069 1569 nec
1088 1516 1194 1570 tamen

193 1618 295 1680 adhuc
318 1638 446 1697 possum
473 1617 676 1696 pronuntiare
704 1622 810 1675 utrum
835 1616 877 1675 sit
902 1614 1060 1675 difficilius
1085 1632 1194 1692 capere

192 1722 368 1801 aliquidem
383 1723 524 1784 scribere.
566 1721 654 1783 Vale.

595 1918 648 1978 ea
678 1915 795 1995 (11111.)

408 2076 437 2127 C.
464 2075 608 2126 PLINIUS
631 2073 839 2125 SATURNINO
863 2073 930 2124 SUO
953 2074 981 2124 S.

309 2222 407 2273 Illneos
419 2223 452 2286 os
458 2223 552 2272 Julius
569 2219 665 2271 Valens
677 2221 732 2270 0110
743 2221 820 2270 death
833 2221 865 2282 os
872 2220 966 2269 Julius
979 2220 1082 2270 Avitus.

159 2374 173 2419 1
233 2369 329 2430 Varie
347 2389 397 2430 me
419 2371 602 2431 adfecerunt
622 2371 748 2431 litterae
770 2376 858 2429 tuae:
881 2389 954 2430 nam
975 2369 1090 2447 partim
1112 2368 1195 2428 laeta

194 2474 311 2552 partim
329 2475 436 2535 tristia
454 2476 672 2535 continebant:
695 2475 786 2550 laeta,
802 2476 885 2552 quod
904 2480 935 2533 te
953 2474 986 2533 in
1004 2474 1079 2533 urbe
1095 2473 1194 2532 teneri
1216 2474 1241 2519 1⁰

194 2579 399 2655 nuntiabant,
429 2580 579 2638 ‘nollem’
605 2580 719 2657 inquis,
745 2581 800 2639 sed
828 2598 883 2655 ego
908 2580 994 2638 volo:
1024 2584 1193 2655 praeterea,

194 2684 278 2761 quod
298 2685 500 2745 recitaturum
522 2685 629 2745 statim
647 2691 682 2744 ut
699 2685 854 2745 venissem
871 2684 1115 2762 pollicebantur3
1138 2701 1194 2758 ago

157 2798 174 2844 2
194 2788 313 2864 gratias
333 2791 416 2866 quod
436 2795 590 2866 expector.
634 2790 736 2849 Triste
759 2789 839 2848 illud
859 2789 942 2866 quod
959 2788 1060 2848 Iulius
1078 2787 1194 2848 Valens

194 2893 332 2968 graviter
345 2894 443 2969 iacet;
466 2913 651 2971 quamquam
669 2913 707 2952 ne
723 2895 780 2952 hoo
800 2893 927 2970 quidem
947 2893 1047 2967 triste,
1064 2892 1090 2952 si
1107 2891 1194 2951 illius

193 2998 387 3059 utilitatibus
406 2999 596 3074 aestimetur,
613 2999 699 3059 cuius
720 3001 853 3058 interest
872 3018 965 3076 quam
984 2997 1194 3076 maturissime
1216 3001 1243 3046 15

158 3112 175 3157 3
195 3102 410 3181 inexplicabili
422 3105 528 3163 morbo
540 3104 674 3164 liberari.
718 3104 803 3163 Illud
815 3104 907 3181 plane
918 3123 981 3162 non
992 3104 1083 3162 triste
1095 3102 1195 3162 solum

193 3208 410 3268 verumetiam
425 3209 601 3269 luctuosum
615 3210 699 3285 quod
716 3208 816 3268 Iulius
831 3209 945 3267 Avitus
964 3207 1106 3281 decessit,
1122 3207 1195 3265 dum

194 3330 234 3372 ex
261 3319 431 3391 quaestura
458 3314 550 3389 redit,
579 3314 714 3374 decessit
742 3314 774 3372 in
802 3314 885 3388 navi,
915 3313 1023 3390 procul
1052 3331 1071 3372 a
1097 3311 1195 3371 fratre

157 3426 174 3471 4
194 3419 419 3494 amantissimo,
434 3418 543 3496 procul
563 3424 707 3493 amatre,
723 3438 742 3478 a
759 3418 924 3478 sororibus.
966 3417 1058 3476 Nihil
1078 3417 1140 3476 ista
1156 3416 1195 3474 ad

193 3528 352 3583 mortuum
381 3524 548 3601 pertinent,
578 3524 632 3584 sed
660 3524 886 3601 pertinuerunt,
915 3541 984 3581 cum
1015 3526 1194 3593 moreretur,
1215 3526 1244 3571 2⁰

194 3628 355 3706 pertinent
382 3629 422 3688 ad
448 3629 506 3713 bos
535 3629 589 3705 qui
618 3633 794 3705 supersunt.
851 3627 919 3687 Iam
948 3626 1032 3703 quod
1059 3626 1094 3683 in
1121 3624 1195 3683 flore

194 3732 295 3811 primo
310 3738 416 3793 tantae
431 3733 547 3793 indolis
565 3733 688 3792 iuvenis
704 3732 862 3792 extinctus
882 3737 937 3802 est,
954 3748 1075 3790 summa
1094 3746 1196 3788 conse·
