2782 4164
508 300 769 352 nrrsrunxauu
792 303 841 351 111.
864 303 903 354 11.
1163 291 1207 356 45

204 481 279 534 tunc
301 473 349 534 illi
371 473 522 552 ampliore
544 493 621 552 opus
643 480 719 548 erat,
741 479 778 533 ut
800 493 853 534 aes
874 474 1010 534 alienum
1032 474 1208 536 exsolveret

203 586 396 640 contractum
418 598 457 638 ex
479 579 698 657 pulcherrimis
720 579 832 652 causis,
850 580 1063 640 mussantibus
1085 580 1206 656 magnis

204 685 390 762 quibusdam
408 691 440 744 et
459 684 667 761 locupletibus
688 684 805 757 amicis,
821 690 982 745 mutuatus
1004 685 1071 763 ipse
1093 686 1208 760 gratui-

168 803 184 848 3
203 798 268 849 tam
291 790 371 849 dedi.
414 790 521 867 Atque
536 789 611 849 haec
626 790 697 864 feci,
712 808 782 848 cum
802 797 921 866 septem
936 790 1045 851 amieis
1060 791 1138 851 meis
1153 797 1208 851 aut

203 894 314 955 occisis
328 901 383 954 aut
397 894 553 970 relegatis,
569 895 679 954 occisis
702 894 872 954 Senecione
893 895 1025 955 Rustico
1046 895 1206 969 Helvidio,
1227 907 1242 952 s

203 998 350 1075 relegatis
373 999 514 1058 Maurico
539 1000 675 1060 Gratilla
702 999 798 1059 Arria
825 1000 953 1074 Fannia,
976 1006 1024 1059 101
1051 1000 1134 1059 circa
1157 1019 1206 1059 me

203 1103 295 1164 iactis
310 1104 497 1165 fulminibus
514 1105 603 1181 quasi
623 1104 785 1165 ambustus
805 1105 882 1163 mihi
900 1123 1022 1182 quoque
1038 1105 1207 1183 inpendere

168 1209 286 1272 sidem
309 1209 441 1269 exitium
462 1210 556 1269 certis
582 1209 769 1286 quibusdam
795 1210 878 1269 notis
907 1228 1082 1284 augurarer.
1133 1211 1207 1270 Non

203 1314 274 1374 ideo
294 1321 399 1374 tamen
422 1314 570 1374 eximiam
592 1313 722 1388 gloriam
744 1313 896 1374 meruisse
917 1333 975 1388 me,
991 1320 1026 1373 ut
1047 1315 1101 1373 ille
1123 1334 1208 1392 prae·

167 1419 296 1495 edicat,
324 1419 416 1479 credo
444 1420 499 1479 sed
526 1424 651 1478 tantum
679 1418 827 1494 effugisse
856 1418 1017 1494 flagitium.
1063 1420 1147 1479 Nam
1175 1426 1255 1482 etro

203 1525 236 1585 (l.
247 1525 437 1599 Musonium,
450 1542 589 1584 socerum
603 1523 681 1597 eius,
693 1530 844 1600 quantum
860 1524 982 1583 licitum
996 1531 1044 1584 est
1058 1544 1113 1602 per
1128 1531 1208 1584 aeta

203 1635 276 1704 tem,
291 1649 361 1689 cum
382 1629 588 1690 admiratione
608 1628 705 1687 dilexi
721 1635 753 1687 et
768 1628 1001 1688 Artemidorum
1021 1629 1122 1706 ipsum
1144 1631 1206 1690 iam

203 1721 280 1809 tum,
295 1752 366 1805 cum
384 1734 416 1793 in
435 1734 527 1813 Syria
545 1734 690 1793 tribunus
710 1733 888 1808 militarem,
905 1741 974 1793 arta
990 1735 1206 1794 familiaritate

203 1839 383 1917 complexus
405 1858 482 1914 sum,
500 1839 595 1916 idque
616 1839 751 1915 primum
772 1858 835 1897 non
856 1839 975 1899 nullius
997 1839 1111 1900 indolis
1133 1840 1205 1899 dedi

203 1943 369 2022 specimen,
381 1944 465 2021 quod
476 1943 578 2003 virum
593 1950 647 2003 aut
661 1944 834 2021 sapientem
850 1949 904 2003 aut
919 1944 1095 2021 proximum
1111 1945 1207 2005 simil·
1227 1964 1254 2008 1⁶

166 2058 183 2104 6
202 2048 375 2126 limumque
389 2049 525 2126 sapienti
540 2048 721 2123 intellegere
737 2068 806 2108 sum
820 2049 915 2109 111111.
958 2049 1042 2108 Nam
1056 2068 1095 2108 ex
1110 2050 1206 2109 omni-

202 2152 259 2213 bus
274 2153 328 2231 qui
340 2171 422 2212 nunc
437 2172 469 2213 se
481 2153 684 2230 philosophos
697 2159 810 2212 vocant
821 2154 876 2212 vix
890 2173 987 2212 unum
1002 2159 1056 2212 aut
1071 2153 1204 2213 alterum

201 2257 343 2318 invenies
358 2263 449 2317 tanta
463 2257 651 2333 sinceritate,
667 2263 757 2317 tanta
772 2258 911 2317 veritate.
955 2257 1050 2316 Mitto
1069 2278 1131 2335 qua
1151 2279 1205 2336 pa-

201 2361 315 2422 tientia
335 2362 473 2440 corporis
494 2362 613 2422 hiemes
635 2363 725 2421 iuxta
745 2368 776 2421 11
797 2369 931 2421 aestates
947 2363 1037 2436 ferat,
1053 2369 1089 2421 ut
1108 2364 1204 2423 nullis

201 2466 359 2528 laboribus
377 2467 476 2542 cedat,
491 2473 528 2526 ut
545 2467 626 2525 nihil
641 2468 674 2525 111
689 2468 766 2541 cibe,
782 2468 814 2525 in
830 2473 904 2543 potu
920 2467 1134 2544 voluptatibus
1148 2469 1203 2527 tri·
1224 2481 1253 2526 20

165 2585 181 2641 1
201 2570 286 2646 buat,
301 2579 336 2632 ut
350 2572 455 2632 oculos
470 2572 671 2649 animumque
686 2572 852 2630 contineat.
897 2573 976 2630 Sunt
990 2573 1066 2631 haec
1081 2593 1202 2650 magna,

201 2677 304 2736 sedin
319 2677 397 2752 111ος
420 2677 452 2735 in
467 2677 525 2736 hoc
536 2695 609 2735 1110
624 2677 763 2749 minima,
776 2676 802 2735 si
818 2675 929 2735 ceteris
941 2677 1110 2738 virtutibus
1126 2697 1203 2736 com-

200 2787 359 2859 parentur,
374 2782 487 2860 quibus
506 2782 621 2841 meruit
636 2787 671 2840 ut
685 2800 704 2840 a
719 2782 751 2840 C.
768 2781 913 2840 Musonio
928 2800 966 2839 ex
981 2782 1123 2841 omnibus
1143 2803 1204 2842 om-

164 2886 288 2945 suium
310 2887 453 2945 ordinum
472 2886 718 2946 adsectatoribus
738 2904 832 2960 gener
852 2887 1074 2946 adsumeretur.
1117 2888 1202 2957 Quae

200 2989 280 3049 mihi
294 2990 469 3050 recordanti
484 2996 531 3050 est
546 2991 672 3067 quidem
687 2989 855 3049 iucundum
872 2992 955 3068 quod
970 3009 1019 3050 me
1034 3010 1103 3050 cum
1118 2993 1202 3069 apud
1222 3007 1251 3053 21

200 3093 279 3153 alios
300 3100 368 3154 tum
384 3095 467 3172 apud
487 3101 518 3154 te
538 3095 636 3154 tantis
651 3095 797 3154 laudibus
812 3096 959 3170 cumulat,
975 3113 1081 3154 vereor
1096 3103 1201 3156 tamen

199 3217 240 3257 ne
254 3200 380 3259 modum
395 3201 534 3274 excedat,
547 3219 638 3276 quem
651 3200 828 3274 benignitas
840 3200 906 3260 eius
919 3200 1008 3278 (illuc
1020 3201 1103 3259 enim
1118 3203 1201 3261 unde

163 3323 180 3368 9
199 3303 287 3381 coepi
302 3307 454 3386 revertor)
471 3304 627 3364 1101110111
643 3312 756 3363 tenere.
800 3306 882 3364 Nam
902 3305 936 3364 in
954 3305 1012 3364 hoc
1029 3325 1092 3365 uno
1109 3307 1202 3365 inter-

199 3409 274 3468 dum
295 3409 342 3467 vir
363 3408 480 3486 alioqui
501 3409 764 3486 prudentissimus
789 3410 920 3469 honesto
939 3411 1065 3488 quidem
1085 3411 1140 3471 sed
1157 3417 1201 3470 ta-

197 3532 271 3572 men
285 3532 387 3573 111011
402 3521 552 3588 versatur,
568 3514 651 3591 quod
671 3514 769 3590 pluris
788 3514 903 3574 amicos
923 3534 994 3575 suos
1014 3534 1108 3592 quam
1127 3520 1201 3576 sunt
1220 3533 1248 3580 30

197 3617 377 3680 arbitratur.
419 3618 506 3679 Vale.
