2782 4164
507 290 770 343 urisrunnsuu
794 292 844 343 m.
866 293 906 344 10.
1161 280 1204 350 51

202 462 242 521 In
256 461 308 522 his
321 480 371 521 me
384 461 485 522 multa
501 462 682 538 sollicitant,
698 463 806 541 aliqua
819 483 877 524 nec
895 465 1017 527 minora
1037 465 1203 526 deterrent.

167 582 182 628 a
202 566 361 627 Sollicitat
374 565 511 644 primum
525 567 594 645 ipsa
607 567 809 645 pulchritudo
824 569 984 646 iungendi,
996 571 1110 631 deinde
1121 572 1205 649 quod

201 691 264 732 non
278 673 383 732 minus
396 672 477 732 utile
491 692 585 750 quam
599 674 821 752 voluptuosum
836 694 928 752 posse
942 683 1075 755 utraque
1096 678 1205 737 eadem

200 797 305 856 opera,
320 779 429 838 eodem
443 779 560 839 viatico
578 779 723 855 invisere,
740 781 797 840 sub
818 782 927 840 eodem
948 789 1147 860 procuratore
1168 801 1204 843 ac

200 901 300 962 paone
328 883 428 943 isdem
456 884 614 944 actoribus
641 884 764 959 habere,
787 905 882 946 unam
907 886 1018 947 villam
1044 887 1145 947 001010
1172 895 1239 948 000

165 1006 321 1063 00111010,
341 986 473 1048 alteram
494 995 618 1049 tantum
639 990 728 1048 tueri.
773 991 863 1050 Inest
883 991 957 1051 huic
977 993 1204 1070 computationi

202 1099 345 1170 sumptus
370 1092 587 1170 supellectilis,
610 1099 754 1172 sumptus
775 1095 968 1170 atriensium,
991 1097 1203 1174 topiariorum,

200 1198 362 1259 fabrorum
384 1203 479 1275 atque
501 1198 597 1258 etiam
619 1200 773 1259 venatorii
795 1200 1014 1278 instrumenti,
1039 1221 1117 1279 quae
1139 1203 1205 1279 plu·

201 1304 316 1363 rimum
330 1302 430 1363 refert
443 1322 542 1362 unum
555 1304 588 1363 in
603 1303 705 1363 locum
723 1306 867 1366 conferas
889 1324 929 1365 an
946 1307 980 1365 in
1001 1307 1126 1366 diversa
1145 1307 1205 1367 dis

165 1432 182 1477 4
201 1427 322 1486 pergas.
365 1408 482 1468 Contra
494 1426 603 1468 vereor
616 1428 655 1468 ne
670 1409 713 1469 010
728 1410 888 1469 incautum
903 1430 968 1469 rem
981 1417 1047 1471 tam
1061 1431 1205 1487 magnam
1226 1425 1254 1470 10

202 1514 303 1575 isdem
317 1514 567 1591 tempestatibus,
583 1515 683 1573 isdem
698 1515 822 1575 casibus
837 1516 984 1575 subdere:
1007 1517 1108 1576 tutius
1123 1517 1206 1576 vide-

201 1625 255 1679 tur
275 1619 396 1679 incerta
415 1619 562 1679 fortunae
584 1620 815 1697 possessionum
832 1620 1038 1680 varietatibus
1059 1621 1203 1698 experiri.

202 1724 310 1784 Habet
330 1723 427 1784 etiam
446 1724 580 1782 multum
603 1725 810 1784 iucunditatis
831 1725 890 1784 soli
911 1725 1052 1802 caelique
1073 1727 1205 1785 mutatio

165 1853 181 1898 5
202 1829 334 1908 ipsaque
349 1829 406 1889 illa
419 1829 630 1906 peregrinatio
650 1829 734 1888 inter
755 1847 819 1888 sua.
863 1830 941 1903 Iam,
957 1831 1040 1906 qnod
1057 1830 1207 1890 delibera

202 1935 299 1995 tionis
313 1941 439 1995 11000100
453 1940 548 2012 000110
563 1940 620 2008 000,
633 1934 699 2010 agri
711 1941 785 1994 sunt
799 1934 923 1994 fertiles
939 1936 1071 2012 pingues
1086 1936 1204 2013 aquosi,
1227 1950 1255 1996 10

202 2046 348 2100 constant
376 2039 495 2117 campis
517 2039 619 2098 vineis
644 2039 743 2113 silvis,
766 2057 845 2116 quae
873 2039 1036 2099 materiam
1057 2046 1089 2099 et
1109 2059 1149 2099 ex
1169 2059 1207 2100 ea

165 2162 182 2208 0
203 2145 340 2206 reditum
355 2145 437 2206 010110
450 2144 608 2204 modicum
629 2144 674 2203 ita
697 2150 814 2203 statum
833 2151 1003 2221 praestant.
1048 2145 1109 2205 Sed
1130 2146 1206 2204 haec

202 2250 341 2310 felicitas
355 2256 457 2310 terrae
471 2248 638 2309 imbecillis
653 2248 824 2308 cultoribus
839 2249 1001 2324 fatigatur.
1042 2251 1124 2309 Nam
1139 2269 1207 2327 pos
1272 2267 1277 2275 ⁴

204 2374 306 2416 sessor
333 2353 418 2432 prior
448 2354 573 2431 saepius
595 2353 739 2413 vendidit
766 2353 905 2430 pignora,
928 2360 959 2413 et
984 2354 1058 2413 dum
1085 2355 1207 2431 reliqua

203 2461 384 2521 colonorum
397 2459 513 2519 minuit
527 2460 568 2519 ad
582 2465 714 2535 00110110,
731 2458 813 2517 vires
829 2459 862 2516 in
875 2464 1034 2535 posterum
1050 2458 1205 2535 exhausit,
1226 2473 1256 2519 00

167 2583 183 2631 a
204 2583 338 2643 quarum
352 2563 528 2624 defectione
549 2583 657 2622 rursus
678 2563 800 2640 reliqua
820 2569 993 2622 creverunt.
1037 2564 1117 2623 Sunt
1134 2583 1206 2638 crgo

205 2669 383 2731 instruendi
398 2687 434 2728 eo
449 2668 555 2746 pluris,
563 2669 644 2746 quod
662 2667 747 2742 frugi
761 2668 944 2745 mancipiis:
967 2687 1040 2727 nam
1062 2687 1118 2726 nec
1139 2669 1207 2745 1000

204 2793 338 2853 usquam
360 2773 481 2833 vinctos
509 2773 608 2832 habeo
636 2791 693 2831 nec
718 2772 762 2831 ibi
784 2772 958 2849 quisquam.
1003 2773 1151 2849 Superest
1171 2778 1208 2832 ut

206 2878 287 2939 scias
309 2878 420 2956 quanti
442 2877 609 2937 videantur
629 2895 719 2954 posse
741 2876 818 2951 emi;
842 2877 987 2936 sestertio
1008 2876 1123 2951 tricies
1145 2896 1208 2936 non
1278 2927 1283 2935 .

206 2984 283 3063 quia
302 3003 365 3042 non
393 2983 562 3060 aliquando
584 2982 793 3059 quinquagies
815 2982 944 3056 fuerint,
966 3001 1075 3040 verum
1097 2988 1129 3041 et
1148 2982 1207 3041 1100
1228 2999 1257 3045 aa

206 3087 339 3167 penuria
358 3086 536 3148 colonorum
559 3093 591 3146 et
612 3086 768 3145 communi
796 3086 946 3163 temporis
975 3086 1144 3163 iniquitate
1172 3092 1208 3145 ut

171 3205 187 3251 ⁸
207 3193 327 3253 reditus
349 3209 491 3268 agrorum
507 3192 551 3251 sic
570 3192 666 3251 otiam
687 3190 824 3268 pretium
845 3197 928 3250 10010
950 3190 1035 3251 abiit.
1079 3191 1208 3261 Quaeris

207 3317 249 3357 an
262 3298 321 3356 hoo
335 3297 439 3374 ipsum
453 3296 559 3356 tricies
581 3295 674 3356 facilc
696 3295 842 3370 colligere
857 3295 1038 3372 possimus?
1061 3315 1128 3354 sum
1144 3295 1209 3373 qui-

208 3403 280 3462 dem
299 3420 396 3480 prope
417 3406 502 3461 totus
524 3400 557 3458 in
579 3400 725 3478 praediis,
742 3399 863 3476 aliquid
877 3405 984 3458 tamen
997 3400 1134 3474 faenero,
1152 3418 1209 3459 nec

207 3506 374 3566 molestum
391 3505 452 3565 erit
466 3505 620 3580 mutuari,
644 3504 795 3582 accipiam
810 3524 828 3563 a
843 3523 941 3579 socru,
957 3505 1045 3564 cuius
1063 3523 1134 3564 arca
1148 3524 1209 3564 non
1230 3521 1257 3566 30

172 3629 188 3675 9
208 3630 297 3672 000110
312 3630 347 3671 00
362 3629 431 3670 mea
444 3616 522 3669 11001.
565 3609 700 3668 Proinde
715 3610 773 3668 hoc
788 3614 819 3667 te
835 3628 896 3667 non
910 3615 1043 3683 moveat,
1059 3609 1086 3669 si
1108 3616 1211 3669 cetera

208 3735 273 3776 non
300 3717 506 3791 refragantur,
535 3733 614 3792 quae
636 3714 732 3773 velim
753 3733 847 3791 quam
875 3713 1115 3789 diligentissime
1143 3733 1212 3773 exa
