2782 4164
507 307 769 359 srrsrnmsum
792 308 842 360 w.
863 306 904 358 13.
1161 295 1203 361 61

200 479 381 558 Respondit
408 478 541 540 ‘etiam'
592 479 719 541 ‘Ubi?'
772 478 983 538 ‘Mediolani'
1034 480 1114 540 ‘Cur
1140 498 1204 538 non

200 584 299 645 hicr’
340 585 383 645 Et
403 591 493 663 pater
515 584 583 645 eius
606 583 793 662 (eratenim
816 603 879 643 una
900 589 995 661 atque
1018 583 1113 643 etiam
1136 584 1204 662 ipse

201 689 376 751 adduxerat
398 691 541 770 puerum)
562 695 573 765 .‘
582 689 657 768 quia
678 689 782 750 nullos
805 688 856 749 hic
878 695 1093 767 praeceptores
1115 689 1205 749 habe

163 811 179 855 4
200 796 291 857 mus'
334 796 452 867 ‘Quare
473 795 606 855 nullos?
622 814 694 855 nam
708 795 909 855 vehementer
924 795 1075 854 intererat
1090 800 1203 870 vestra,

201 900 257 978 qui
284 906 390 979 patres
413 901 511 976 estis,'
536 906 568 960 et
589 905 764 978 opportune
786 900 952 977 conplures
977 905 1081 977 patres
1103 900 1204 959 audie
1223 913 1238 959 s

200 1006 287 1080 bant,
303 1005 434 1066 ‘liberos
449 1012 571 1066 vestros
589 1005 640 1065 hic
655 1005 854 1083 potissimum
869 1005 997 1064 discere.
1041 1005 1105 1065 Ubi
1120 1006 1204 1063 enim

200 1116 258 1171 aut
278 1111 445 1171 iucundius
467 1115 663 1170 morarentur
685 1129 779 1188 quam
801 1110 835 1168 in
857 1109 961 1186 patria
983 1114 1037 1168 aut
1059 1109 1203 1186 pudicius

200 1217 434 1277 continerentur
469 1235 563 1294 quam
591 1216 649 1276 sub
676 1215 774 1275 oculis
809 1220 974 1292 parentum
1003 1220 1058 1274 aut
1085 1215 1203 1275 minore

162 1327 329 1400 osumptu
350 1340 445 1398 quam
466 1321 575 1380 domi?
617 1320 810 1391 Quantulum
839 1326 887 1380 est
911 1338 984 1394 ergo
1012 1319 1127 1379 collata
1154 1338 1204 1397 pe-

199 1426 294 1486 cunia
314 1426 485 1486 conducere
508 1431 733 1503 praeceptores,
757 1425 902 1501 quodque
924 1442 1006 1482 nunc
1029 1424 1063 1483 in
1085 1423 1203 1485 habita
1223 1439 1250 1485 1o

199 1530 311 1606 tiones,
332 1532 367 1590 in
387 1531 512 1605 viatica,
534 1531 568 1589 in
590 1549 626 1589 ea
653 1549 733 1607 quae
760 1548 889 1607 peregre
917 1534 1063 1588 emuntur
1085 1529 1204 1607 (omnia

200 1642 306 1696 autem
327 1654 454 1714 peregre
470 1637 628 1716 emuntur)
646 1635 819 1711 inpenditis
840 1634 964 1694 adicere
980 1634 1201 1694 mercedibus?

200 1739 307 1818 Atque
321 1742 400 1801 adeo
413 1759 479 1816 ego,
495 1741 550 1817 qui
565 1740 703 1799 nondum
724 1739 838 1799 liberos
861 1739 968 1814 habeo,
984 1745 1111 1816 paratus
1134 1758 1201 1799 sum

199 1865 257 1924 pro
271 1864 304 1905 re
318 1845 444 1924 publica
458 1851 572 1919 nostra,
588 1845 678 1923 quasi
699 1863 756 1921 pro
770 1844 838 1902 filia
850 1843 901 1902 vel
922 1850 1061 1921 parente,
1076 1844 1203 1903 tertiam

163 1961 180 2008 6
200 1956 322 2029 partem
343 1951 409 2011 eius
432 1950 516 2029 quod
537 1951 679 2010 conferre
694 1949 783 2008 vobis
805 1948 942 2026 placebit
962 1950 1044 2008 dare.
1088 1950 1203 2008 Totum
1223 1967 1251 2011 15

200 2056 296 2116 etiam
329 2056 502 2134 pollicerer,
530 2055 594 2115 nisi
628 2055 772 2113 timerem
799 2073 838 2113 ne
866 2054 925 2113 hoo
959 2073 1071 2113 munus
1099 2073 1203 2113 meum

200 2162 387 2239 quandoque
408 2161 529 2221 ambitu
550 2164 809 2237 corrumperetur,
824 2164 861 2217 ut
877 2158 1017 2218 accidere
1038 2158 1147 2218 multis
1169 2159 1203 2218 in

165 2281 179 2327 ⁷
201 2266 277 2326 locis
293 2266 393 2340 video,
409 2266 443 2324 in
464 2266 578 2343 quibus
593 2268 810 2343 praeceptores
832 2263 956 2341 publice
977 2264 1200 2323 conducuntur.

201 2372 286 2431 Huic
302 2371 379 2431 vitio
394 2372 513 2431 occurri
528 2389 591 2429 uno
605 2369 742 2430 remedio
756 2375 870 2446 potest,
886 2368 913 2429 si
928 2369 1111 2445 parentibus
1126 2370 1202 2430 solis

200 2476 250 2536 ius
271 2476 464 2535 conducendi
486 2475 681 2552 relinquatur
706 2474 868 2551 isdemque
890 2473 1000 2548 religio
1021 2479 1103 2533 recte
1125 2474 1204 2534 iudi·
1222 2490 1252 2535 20

165 2594 180 2640 s
200 2581 293 2641 candi
307 2581 494 2640 necessitate
513 2579 692 2640 collationis
713 2579 855 2638 addatur.
897 2579 980 2638 Nam
1000 2578 1054 2656 qui
1069 2579 1203 2640 fortasse

201 2687 239 2746 de
251 2686 352 2746 alieno
364 2685 572 2762 neglegentes,
582 2690 666 2756 certe
677 2685 716 2743 de
728 2703 783 2744 suc
792 2684 960 2759 diligentes
972 2689 1063 2743 erunt
1075 2685 1204 2744 dabunt

201 2809 261 2870 quc
276 2810 402 2868 operam
415 2810 455 2850 ne
470 2810 489 2850 a
502 2809 552 2849 me
567 2790 730 2867 pecuniam
753 2808 816 2848 uon
838 2788 901 2848 nisi
924 2788 1037 2864 dignus
1059 2789 1202 2867 accipiat,

165 2909 181 2954 9
202 2896 230 2956 si
250 2901 434 2973 accepturus
455 2901 487 2954 et
508 2896 547 2955 ab
564 2895 643 2972 ipsis
664 2895 734 2953 erit.
777 2892 914 2952 Proinde
936 2894 1119 2965 consentite,
1136 2913 1205 2953 con-

202 3001 319 3078 spirate
342 3000 551 3077 maioremque
574 3001 714 3059 animum
737 3019 776 3059 ex
798 3019 867 3059 mec
890 2999 1013 3073 sumite,
1036 2999 1089 3077 qui
1113 3000 1203 3077 cupio
1223 2998 1252 3043 2⁶

202 3124 270 3166 esse
291 3104 577 3183 quamplurimum
598 3105 681 3182 quod
703 3105 832 3164 debeam
847 3105 997 3164 conferre.
1039 3104 1131 3164 Nihil
1152 3105 1205 3164 ho

201 3209 323 3271 nestius
350 3214 509 3288 praestare
538 3209 646 3269 liberis
673 3209 796 3284 vestris,
825 3208 907 3268 nihil
935 3207 1054 3284 gratius
1082 3209 1203 3287 patriae

202 3315 343 3393 potestis.
388 3315 567 3374 Educentur
594 3314 646 3373 hic
674 3314 728 3391 qui
755 3313 807 3373 hic
835 3320 1007 3373 nascuntur
1034 3313 1203 3391 statimque

201 3420 241 3481 ab
251 3404 393 3479 infantia
406 3418 511 3479 natale
533 3418 635 3479 solum
658 3437 761 3478 amare
776 3419 976 3495 frequentare
990 3424 1201 3479 consuescant.

201 3525 308 3603 Atque
330 3524 452 3584 utinam
474 3528 539 3583 tarn
554 3523 653 3583 claros
676 3528 891 3601 praeceptores
915 3521 1072 3583 inducatis
1088 3530 1123 3583 ut
1137 3523 1203 3582 fmi-
1223 3541 1251 3586 30

201 3630 288 3690 timis
317 3629 442 3708 oppidis
471 3628 576 3689 studia
603 3628 677 3687 hinc
704 3633 862 3705 petantur,
885 3633 984 3705 utque
1007 3647 1089 3687 nunc
1112 3627 1203 3687 liberi

201 3734 301 3796 vestri
322 3734 425 3794 aliena
439 3732 474 3793 in
488 3733 564 3810 loca,
580 3733 626 3792 ita
640 3751 713 3792 mox
734 3732 830 3793 alieni
852 3732 884 3791 in
909 3733 991 3792 hunc
1014 3732 1116 3792 locum
1136 3750 1204 3791 con·
