<?xml version="1.0" encoding="UTF-8"?>
<!DOCTYPE html PUBLIC "-//W3C//DTD XHTML 1.0 Transitional//EN"
    "http://www.w3.org/TR/xhtml1/DTD/xhtml1-transitional.dtd">
<html xmlns="http://www.w3.org/1999/xhtml" xml:lang="en" lang="en">
 <head>
  <title>
</title>
<meta http-equiv="Content-Type" content="text/html;charset=utf-8" />
  <meta name='ocr-system' content='tesseract 3.04.00' />
  <meta name='ocr-capabilities' content='ocr_page ocr_carea ocr_par ocr_line ocrx_word'/>
</head>
<body>
  <div class='ocr_page' id='page_1' title='image "./cplinisecundiep00plingoog_0129.png"; bbox 0 0 2782 4164; ppageno 0'>
   <div class='ocr_carea' id='block_1_1' title="bbox 213 293 792 357">
    <p class='ocr_par' dir='ltr' id='par_1_1' title="bbox 213 293 792 357">
     <span class='ocr_line' id='line_1_1' title="bbox 213 293 792 357; baseline -0.005 0"><span class='ocrx_word' id='word_1_1' title='bbox 213 293 255 357; x_wconf 89' lang='lat'>80</span> <span class='ocrx_word' id='word_1_2' title='bbox 640 305 671 356; x_wconf 91' lang='lat' dir='ltr'>o.</span> <span class='ocrx_word' id='word_1_3' title='bbox 690 303 792 355; x_wconf 82' lang='lat' dir='ltr'>rnmr</span> 
     </span>
    </p>
   </div>
   <div class='ocr_carea' id='block_1_2' title="bbox 163 475 1253 3807">
    <p class='ocr_par' dir='ltr' id='par_1_2' title="bbox 163 475 1253 3807">
     <span class='ocr_line' id='line_1_2' title="bbox 212 475 1218 554; baseline 0.003 -18"><span class='ocrx_word' id='word_1_4' title='bbox 212 475 300 536; x_wconf 92' lang='lat' dir='ltr'>Petit</span> <span class='ocrx_word' id='word_1_5' title='bbox 313 475 446 537; x_wconf 80' lang='lat' dir='ltr'>honores</span> <span class='ocrx_word' id='word_1_6' title='bbox 465 475 568 538; x_wconf 89' lang='lat' dir='ltr'>Iulius</span> <span class='ocrx_word' id='word_1_7' title='bbox 587 477 683 552; x_wconf 85' lang='lat' dir='ltr'>Naso,</span> <span class='ocrx_word' id='word_1_8' title='bbox 698 476 780 554; x_wconf 91' lang='lat' dir='ltr'>petit</span> <span class='ocrx_word' id='word_1_9' title='bbox 799 494 870 536; x_wconf 89' lang='lat' dir='ltr'>cum</span> <span class='ocrx_word' id='word_1_10' title='bbox 890 476 1010 554; x_wconf 90' lang='lat' dir='ltr'>multis,</span> <span class='ocrx_word' id='word_1_11' title='bbox 1025 495 1097 538; x_wconf 92' lang='lat' dir='ltr'>cum</span> <span class='ocrx_word' id='word_1_12' title='bbox 1116 477 1218 554; x_wconf 93' lang='lat' dir='ltr'>bonis,</span> 
     </span>
     <span class='ocr_line' id='line_1_3' title="bbox 212 580 1253 660; baseline 0.005 -21"><span class='ocrx_word' id='word_1_13' title='bbox 212 599 291 658; x_wconf 90' lang='lat' dir='ltr'>quos</span> <span class='ocrx_word' id='word_1_14' title='bbox 305 586 342 640; x_wconf 96' lang='lat' dir='ltr'>ut</span> <span class='ocrx_word' id='word_1_15' title='bbox 356 580 525 657; x_wconf 87' lang='lat' dir='ltr'>gloriosum</span> <span class='ocrx_word' id='word_1_16' title='bbox 540 581 585 642; x_wconf 91' lang='lat' dir='ltr'>sic</span> <span class='ocrx_word' id='word_1_17' title='bbox 599 587 648 641; x_wconf 90' lang='lat' dir='ltr'>est</span> <span class='ocrx_word' id='word_1_18' title='bbox 662 580 789 641; x_wconf 87' lang='lat' dir='ltr'>difficile</span> <span class='ocrx_word' id='word_1_19' title='bbox 806 601 962 659; x_wconf 89' lang='lat' dir='ltr'>superare.</span> <span class='ocrx_word' id='word_1_20' title='bbox 996 583 1132 646; x_wconf 74' lang='lat' dir='ltr'>,Pendeo</span> <span class='ocrx_word' id='word_1_21' title='bbox 1145 600 1219 660; x_wconf 82' lang='lat' dir='ltr'>ergo</span> <span class='ocrx_word' id='word_1_22' title='bbox 1237 599 1253 645; x_wconf 86' lang='lat' dir='ltr'>a</span> 
     </span>
     <span class='ocr_line' id='line_1_4' title="bbox 212 686 1220 765; baseline 0.002 -20"><span class='ocrx_word' id='word_1_23' title='bbox 212 691 245 745; x_wconf 96' lang='lat' dir='ltr'>et</span> <span class='ocrx_word' id='word_1_24' title='bbox 259 704 403 746; x_wconf 84' lang='lat' dir='ltr'>exerceor</span> <span class='ocrx_word' id='word_1_25' title='bbox 420 705 484 765; x_wconf 86' lang='lat' dir='ltr'>spe,</span> <span class='ocrx_word' id='word_1_26' title='bbox 500 686 629 746; x_wconf 91' lang='lat' dir='ltr'>adficior</span> <span class='ocrx_word' id='word_1_27' title='bbox 643 692 739 763; x_wconf 91' lang='lat' dir='ltr'>metu,</span> <span class='ocrx_word' id='word_1_28' title='bbox 755 692 786 747; x_wconf 93' lang='lat' dir='ltr'>et</span> <span class='ocrx_word' id='word_1_29' title='bbox 800 706 850 747; x_wconf 94' lang='lat' dir='ltr'>me</span> <span class='ocrx_word' id='word_1_30' title='bbox 864 687 1059 748; x_wconf 84' lang='lat' dir='ltr'>consularem</span> <span class='ocrx_word' id='word_1_31' title='bbox 1074 706 1220 748; x_wconf 89' lang='lat' dir='ltr'>essenon</span> 
     </span>
     <span class='ocr_line' id='line_1_5' title="bbox 213 790 1219 871; baseline -0.001 -19"><span class='ocrx_word' id='word_1_32' title='bbox 213 790 330 852; x_wconf 90' lang='lat' dir='ltr'>sentio:</span> <span class='ocrx_word' id='word_1_33' title='bbox 354 810 427 851; x_wconf 91' lang='lat' dir='ltr'>nam</span> <span class='ocrx_word' id='word_1_34' title='bbox 445 810 553 852; x_wconf 89' lang='lat' dir='ltr'>rursus</span> <span class='ocrx_word' id='word_1_35' title='bbox 571 791 651 850; x_wconf 90' lang='lat' dir='ltr'>mihi</span> <span class='ocrx_word' id='word_1_36' title='bbox 672 791 779 852; x_wconf 82' lang='lat' dir='ltr'>videor</span> <span class='ocrx_word' id='word_1_37' title='bbox 795 791 934 852; x_wconf 91' lang='lat' dir='ltr'>omnium</span> <span class='ocrx_word' id='word_1_38' title='bbox 955 811 1034 871; x_wconf 88' lang='lat' dir='ltr'>quae</span> <span class='ocrx_word' id='word_1_39' title='bbox 1055 792 1219 853; x_wconf 82' lang='lat' dir='ltr'>decucurri</span> 
     </span>
     <span class='ocr_line' id='line_1_6' title="bbox 177 896 1253 974; baseline -0.007 -14"><span class='ocrx_word' id='word_1_40' title='bbox 177 896 408 962; x_wconf 80' lang='lat' dir='ltr'>ocandidatus.</span> <span class='ocrx_word' id='word_1_41' title='bbox 453 897 595 955; x_wconf 88' lang='lat' dir='ltr'>Meretur</span> <span class='ocrx_word' id='word_1_42' title='bbox 621 896 703 956; x_wconf 92' lang='lat' dir='ltr'>hanc</span> <span class='ocrx_word' id='word_1_43' title='bbox 731 914 838 956; x_wconf 90' lang='lat' dir='ltr'>curam</span> <span class='ocrx_word' id='word_1_44' title='bbox 865 896 961 974; x_wconf 90' lang='lat' dir='ltr'>longa</span> <span class='ocrx_word' id='word_1_45' title='bbox 987 898 1049 957; x_wconf 90' lang='lat' dir='ltr'>mei</span> <span class='ocrx_word' id='word_1_46' title='bbox 1076 897 1253 958; x_wconf 86' lang='lat' dir='ltr'>caritate.3</span> 
     </span>
     <span class='ocr_line' id='line_1_7' title="bbox 171 1001 1218 1081; baseline 0.002 -21"><span class='ocrx_word' id='word_1_47' title='bbox 171 1044 173 1049; x_wconf 86' lang='lat'>-</span> <span class='ocrx_word' id='word_1_48' title='bbox 212 1003 271 1062; x_wconf 85' lang='lat' dir='ltr'>Est</span> <span class='ocrx_word' id='word_1_49' title='bbox 285 1002 365 1060; x_wconf 91' lang='lat' dir='ltr'>mibi</span> <span class='ocrx_word' id='word_1_50' title='bbox 375 1019 447 1061; x_wconf 90' lang='lat' dir='ltr'>cum</span> <span class='ocrx_word' id='word_1_51' title='bbox 461 1001 517 1061; x_wconf 89' lang='lat' dir='ltr'>illo</span> <span class='ocrx_word' id='word_1_52' title='bbox 531 1020 594 1060; x_wconf 90' lang='lat' dir='ltr'>non</span> <span class='ocrx_word' id='word_1_53' title='bbox 609 1020 683 1061; x_wconf 89' lang='lat' dir='ltr'>sane</span> <span class='ocrx_word' id='word_1_54' title='bbox 698 1007 830 1079; x_wconf 90' lang='lat' dir='ltr'>paterna</span> <span class='ocrx_word' id='word_1_55' title='bbox 840 1002 996 1079; x_wconf 88' lang='lat' dir='ltr'>amicitia;</span> <span class='ocrx_word' id='word_1_56' title='bbox 1018 1003 1218 1081; x_wconf 92' lang='lat' dir='ltr'>nequeenim</span> 
     </span>
     <span class='ocr_line' id='line_1_8' title="bbox 212 1105 1219 1185; baseline 0 -18"><span class='ocrx_word' id='word_1_57' title='bbox 212 1125 280 1167; x_wconf 89' lang='lat' dir='ltr'>esse</span> <span class='ocrx_word' id='word_1_58' title='bbox 304 1106 410 1185; x_wconf 91' lang='lat' dir='ltr'>potuit</span> <span class='ocrx_word' id='word_1_59' title='bbox 434 1124 489 1183; x_wconf 90' lang='lat' dir='ltr'>per</span> <span class='ocrx_word' id='word_1_60' title='bbox 512 1124 614 1166; x_wconf 88' lang='lat' dir='ltr'>meam</span> <span class='ocrx_word' id='word_1_61' title='bbox 636 1112 789 1167; x_wconf 86' lang='lat' dir='ltr'>aetatem:</span> <span class='ocrx_word' id='word_1_62' title='bbox 818 1105 939 1167; x_wconf 81' lang='lat' dir='ltr'><strong>solebat</strong></span> <span class='ocrx_word' id='word_1_63' title='bbox 959 1113 1066 1167; x_wconf 89' lang='lat' dir='ltr'>tamen</span> <span class='ocrx_word' id='word_1_64' title='bbox 1086 1107 1219 1167; x_wconf 80' lang='lat' dir='ltr'>vixdum</span> 
     </span>
     <span class='ocr_line' id='line_1_9' title="bbox 212 1211 1220 1289; baseline 0.001 -17"><span class='ocrx_word' id='word_1_65' title='bbox 212 1211 450 1272; x_wconf 89' lang='lat' dir='ltr'>adulescentulo</span> <span class='ocrx_word' id='word_1_66' title='bbox 477 1211 556 1270; x_wconf 93' lang='lat' dir='ltr'>mihi</span> <span class='ocrx_word' id='word_1_67' title='bbox 581 1217 671 1288; x_wconf 91' lang='lat' dir='ltr'>pater</span> <span class='ocrx_word' id='word_1_68' title='bbox 695 1211 762 1272; x_wconf 88' lang='lat' dir='ltr'>eius</span> <span class='ocrx_word' id='word_1_69' title='bbox 787 1230 858 1272; x_wconf 90' lang='lat' dir='ltr'>cum</span> <span class='ocrx_word' id='word_1_70' title='bbox 882 1231 996 1289; x_wconf 84' lang='lat' dir='ltr'>magna</span> <span class='ocrx_word' id='word_1_71' title='bbox 1018 1212 1111 1272; x_wconf 88' lang='lat' dir='ltr'>laude</span> <span class='ocrx_word' id='word_1_72' title='bbox 1134 1232 1220 1273; x_wconf 90' lang='lat' dir='ltr'>mon·</span> 
     </span>
     <span class='ocr_line' id='line_1_10' title="bbox 212 1316 1220 1378; baseline 0 0"><span class='ocrx_word' id='word_1_73' title='bbox 212 1316 315 1378; x_wconf 86' lang='lat' dir='ltr'>strari</span> <span class='ocrx_word' id='word_1_74' title='bbox 356 1317 435 1376; x_wconf 85' lang='lat' dir='ltr'>Erat</span> <span class='ocrx_word' id='word_1_75' title='bbox 453 1335 516 1376; x_wconf 92' lang='lat' dir='ltr'>non</span> <span class='ocrx_word' id='word_1_76' title='bbox 534 1316 710 1377; x_wconf 90' lang='lat' dir='ltr'>studiorum</span> <span class='ocrx_word' id='word_1_77' title='bbox 726 1321 851 1376; x_wconf 89' lang='lat' dir='ltr'>tantum</span> <span class='ocrx_word' id='word_1_78' title='bbox 865 1335 974 1376; x_wconf 85' lang='lat' dir='ltr'>verum</span> <span class='ocrx_word' id='word_1_79' title='bbox 991 1317 1087 1378; x_wconf 90' lang='lat' dir='ltr'>etiam</span> <span class='ocrx_word' id='word_1_80' title='bbox 1102 1318 1220 1378; x_wconf 89' lang='lat' dir='ltr'>studio-</span> 
     </span>
     <span class='ocr_line' id='line_1_11' title="bbox 165 1420 1218 1500; baseline -0.001 -16"><span class='ocrx_word' id='word_1_81' title='bbox 165 1438 193 1484; x_wconf 91' lang='lat'>10</span> <span class='ocrx_word' id='word_1_82' title='bbox 212 1441 317 1483; x_wconf 90' lang='lat' dir='ltr'>sorum</span> <span class='ocrx_word' id='word_1_83' title='bbox 332 1420 577 1496; x_wconf 86' lang='lat' dir='ltr'>amantissimus,</span> <span class='ocrx_word' id='word_1_84' title='bbox 593 1439 629 1480; x_wconf 90' lang='lat' dir='ltr'>ac</span> <span class='ocrx_word' id='word_1_85' title='bbox 643 1438 740 1498; x_wconf 89' lang='lat' dir='ltr'>prope</span> <span class='ocrx_word' id='word_1_86' title='bbox 758 1421 873 1481; x_wconf 79' lang='lat' dir='ltr'>cotidie</span> <span class='ocrx_word' id='word_1_87' title='bbox 887 1422 928 1482; x_wconf 91' lang='lat' dir='ltr'>ad</span> <span class='ocrx_word' id='word_1_88' title='bbox 942 1421 1123 1498; x_wconf 90' lang='lat' dir='ltr'>audiendos,</span> <span class='ocrx_word' id='word_1_89' title='bbox 1139 1442 1218 1500; x_wconf 90' lang='lat' dir='ltr'>quos</span> 
     </span>
     <span class='ocr_line' id='line_1_12' title="bbox 212 1525 1220 1602; baseline 0.002 -16"><span class='ocrx_word' id='word_1_90' title='bbox 212 1532 288 1586; x_wconf 91' lang='lat' dir='ltr'>tunc</span> <span class='ocrx_word' id='word_1_91' title='bbox 309 1545 366 1602; x_wconf 87' lang='lat' dir='ltr'>ego</span> <span class='ocrx_word' id='word_1_92' title='bbox 386 1526 635 1602; x_wconf 81' lang='lat' dir='ltr'>frequentabam,</span> <span class='ocrx_word' id='word_1_93' title='bbox 655 1525 894 1602; x_wconf 78' lang='lat' dir='ltr'>Quintilianum,</span> <span class='ocrx_word' id='word_1_94' title='bbox 915 1525 1051 1587; x_wconf 86' lang='lat' dir='ltr'>Niceten</span> <span class='ocrx_word' id='word_1_95' title='bbox 1073 1527 1220 1588; x_wconf 75' lang='lat' dir='ltr'>sacerdo</span> 
     </span>
     <span class='ocr_line' id='line_1_13' title="bbox 212 1629 1218 1711; baseline 0.003 -20"><span class='ocrx_word' id='word_1_96' title='bbox 212 1637 277 1691; x_wconf 91' lang='lat' dir='ltr'>tem</span> <span class='ocrx_word' id='word_1_97' title='bbox 285 1631 472 1705; x_wconf 86' lang='lat' dir='ltr'>ventitabat,</span> <span class='ocrx_word' id='word_1_98' title='bbox 484 1630 533 1689; x_wconf 90' lang='lat' dir='ltr'>vir</span> <span class='ocrx_word' id='word_1_99' title='bbox 547 1629 666 1707; x_wconf 87' lang='lat' dir='ltr'>alioqui</span> <span class='ocrx_word' id='word_1_100' title='bbox 677 1630 781 1692; x_wconf 91' lang='lat' dir='ltr'>clarus</span> <span class='ocrx_word' id='word_1_101' title='bbox 791 1636 824 1690; x_wconf 94' lang='lat' dir='ltr'>et</span> <span class='ocrx_word' id='word_1_102' title='bbox 838 1631 943 1708; x_wconf 84' lang='lat' dir='ltr'>gravis</span> <span class='ocrx_word' id='word_1_103' title='bbox 954 1636 987 1691; x_wconf 91' lang='lat' dir='ltr'>et</span> <span class='ocrx_word' id='word_1_104' title='bbox 1001 1632 1057 1710; x_wconf 93' lang='lat' dir='ltr'>qui</span> <span class='ocrx_word' id='word_1_105' title='bbox 1070 1633 1218 1711; x_wconf 81' lang='lat' dir='ltr'>prodesse</span> 
     </span>
     <span class='ocr_line' id='line_1_14' title="bbox 212 1735 1253 1815; baseline 0 -19"><span class='ocrx_word' id='word_1_106' title='bbox 212 1736 279 1796; x_wconf 87' lang='lat' dir='ltr'>filio</span> <span class='ocrx_word' id='word_1_107' title='bbox 297 1735 448 1795; x_wconf 90' lang='lat' dir='ltr'>memoria</span> <span class='ocrx_word' id='word_1_108' title='bbox 466 1735 516 1794; x_wconf 92' lang='lat' dir='ltr'>sui</span> <span class='ocrx_word' id='word_1_109' title='bbox 535 1735 656 1794; x_wconf 89' lang='lat' dir='ltr'>debeat.</span> <span class='ocrx_word' id='word_1_110' title='bbox 700 1735 761 1795; x_wconf 86' lang='lat' dir='ltr'>Sed</span> <span class='ocrx_word' id='word_1_111' title='bbox 775 1735 868 1795; x_wconf 93' lang='lat' dir='ltr'>multi</span> <span class='ocrx_word' id='word_1_112' title='bbox 881 1736 1012 1796; x_wconf 90' lang='lat' dir='ltr'>nuncin</span> <span class='ocrx_word' id='word_1_113' title='bbox 1027 1744 1139 1798; x_wconf 91' lang='lat' dir='ltr'>senatu</span> <span class='ocrx_word' id='word_1_114' title='bbox 1152 1738 1219 1815; x_wconf 90' lang='lat' dir='ltr'>qui-</span> <span class='ocrx_word' id='word_1_115' title='bbox 1236 1749 1253 1796; x_wconf 80' lang='lat'>4</span> 
     </span>
     <span class='ocr_line' id='line_1_15' title="bbox 211 1839 1218 1917; baseline 0.001 -14"><span class='ocrx_word' id='word_1_116' title='bbox 211 1842 270 1903; x_wconf 89' lang='lat' dir='ltr'>bus</span> <span class='ocrx_word' id='word_1_117' title='bbox 285 1841 412 1917; x_wconf 82' lang='lat' dir='ltr'>ignotus</span> <span class='ocrx_word' id='word_1_118' title='bbox 426 1839 490 1915; x_wconf 91' lang='lat' dir='ltr'>ille,</span> <span class='ocrx_word' id='word_1_119' title='bbox 501 1839 596 1900; x_wconf 89' lang='lat' dir='ltr'>multi</span> <span class='ocrx_word' id='word_1_120' title='bbox 610 1840 724 1917; x_wconf 88' lang='lat' dir='ltr'>quibus</span> <span class='ocrx_word' id='word_1_121' title='bbox 740 1846 842 1917; x_wconf 88' lang='lat' dir='ltr'>notus,</span> <span class='ocrx_word' id='word_1_122' title='bbox 854 1841 910 1901; x_wconf 91' lang='lat' dir='ltr'>sed</span> <span class='ocrx_word' id='word_1_123' title='bbox 923 1860 988 1901; x_wconf 91' lang='lat' dir='ltr'>non</span> <span class='ocrx_word' id='word_1_124' title='bbox 1000 1842 1063 1902; x_wconf 90' lang='lat' dir='ltr'>nisi</span> <span class='ocrx_word' id='word_1_125' title='bbox 1073 1843 1218 1905; x_wconf 84' lang='lat' dir='ltr'>viventes</span> 
     </span>
     <span class='ocr_line' id='line_1_16' title="bbox 163 1944 1219 2026; baseline -0.002 -15"><span class='ocrx_word' id='word_1_126' title='bbox 163 1964 194 2011; x_wconf 76' lang='grc' dir='ltr'>ιιι</span> <span class='ocrx_word' id='word_1_127' title='bbox 213 1951 412 2007; x_wconf 88' lang='lat' dir='ltr'>reverentur:</span> <span class='ocrx_word' id='word_1_128' title='bbox 436 1963 497 2022; x_wconf 95' lang='lat' dir='ltr'>quo</span> <span class='ocrx_word' id='word_1_129' title='bbox 516 1945 616 2020; x_wconf 83' lang='lat' dir='ltr'>magis</span> <span class='ocrx_word' id='word_1_130' title='bbox 636 1944 709 2003; x_wconf 88' lang='lat' dir='ltr'>huic</span> <span class='ocrx_word' id='word_1_131' title='bbox 728 1945 845 2006; x_wconf 90' lang='lat' dir='ltr'>omissa</span> <span class='ocrx_word' id='word_1_132' title='bbox 863 1945 964 2022; x_wconf 87' lang='lat' dir='ltr'>gloria</span> <span class='ocrx_word' id='word_1_133' title='bbox 981 1947 1091 2025; x_wconf 91' lang='lat' dir='ltr'>patris,</span> <span class='ocrx_word' id='word_1_134' title='bbox 1107 1948 1219 2026; x_wconf 89' lang='lat' dir='ltr'>inqua</span> 
     </span>
     <span class='ocr_line' id='line_1_17' title="bbox 212 2049 1217 2129; baseline 0.001 -18"><span class='ocrx_word' id='word_1_135' title='bbox 212 2070 361 2127; x_wconf 84' lang='lat' dir='ltr'>magnum</span> <span class='ocrx_word' id='word_1_136' title='bbox 388 2055 615 2124; x_wconf 87' lang='lat' dir='ltr'>ornamentum,</span> <span class='ocrx_word' id='word_1_137' title='bbox 644 2050 747 2124; x_wconf 84' lang='lat' dir='ltr'>gratia</span> <span class='ocrx_word' id='word_1_138' title='bbox 773 2049 908 2125; x_wconf 92' lang='lat' dir='ltr'>infirma,</span> <span class='ocrx_word' id='word_1_139' title='bbox 933 2051 996 2129; x_wconf 91' lang='lat' dir='ltr'>ipsi</span> <span class='ocrx_word' id='word_1_140' title='bbox 1023 2052 1217 2128; x_wconf 89' lang='lat' dir='ltr'>enitendum,</span> 
     </span>
     <span class='ocr_line' id='line_1_18' title="bbox 212 2154 1252 2235; baseline 0.002 -19"><span class='ocrx_word' id='word_1_141' title='bbox 212 2156 275 2234; x_wconf 89' lang='lat' dir='ltr'>ipsi</span> <span class='ocrx_word' id='word_1_142' title='bbox 296 2155 519 2216; x_wconf 89' lang='lat' dir='ltr'>elaborandum</span> <span class='ocrx_word' id='word_1_143' title='bbox 540 2160 596 2214; x_wconf 89' lang='lat' dir='ltr'>est.</span> <span class='ocrx_word' id='word_1_144' title='bbox 640 2154 728 2224; x_wconf 82' lang='lat' dir='ltr'>Quod</span> <span class='ocrx_word' id='word_1_145' title='bbox 742 2154 870 2232; x_wconf 91' lang='lat' dir='ltr'>quidem</span> <span class='ocrx_word' id='word_1_146' title='bbox 891 2173 1022 2234; x_wconf 88' lang='lat' dir='ltr'>semper,</span> <span class='ocrx_word' id='word_1_147' title='bbox 1040 2157 1132 2234; x_wconf 89' lang='lat' dir='ltr'>quasi</span> <span class='ocrx_word' id='word_1_148' title='bbox 1150 2172 1252 2235; x_wconf 77' lang='lat' dir='ltr'>pro-o</span> 
     </span>
     <span class='ocr_line' id='line_1_19' title="bbox 212 2258 1217 2339; baseline 0.002 -19"><span class='ocrx_word' id='word_1_149' title='bbox 212 2261 336 2320; x_wconf 84' lang='lat' dir='ltr'>rideret</span> <span class='ocrx_word' id='word_1_150' title='bbox 355 2259 414 2319; x_wconf 92' lang='lat' dir='ltr'>hoc</span> <span class='ocrx_word' id='word_1_151' title='bbox 434 2264 569 2336; x_wconf 90' lang='lat' dir='ltr'>tempus,</span> <span class='ocrx_word' id='word_1_152' title='bbox 592 2258 700 2317; x_wconf 91' lang='lat' dir='ltr'>sedulo</span> <span class='ocrx_word' id='word_1_153' title='bbox 721 2259 817 2318; x_wconf 85' lang='lat' dir='ltr'>fecit:</span> <span class='ocrx_word' id='word_1_154' title='bbox 846 2260 971 2337; x_wconf 85' lang='lat' dir='ltr'>paravit</span> <span class='ocrx_word' id='word_1_155' title='bbox 991 2261 1117 2336; x_wconf 88' lang='lat' dir='ltr'>amicos,</span> <span class='ocrx_word' id='word_1_156' title='bbox 1139 2280 1217 2339; x_wconf 91' lang='lat' dir='ltr'>quos</span> 
     </span>
     <span class='ocr_line' id='line_1_20' title="bbox 212 2363 1219 2445; baseline 0.001 -21"><span class='ocrx_word' id='word_1_157' title='bbox 212 2370 378 2444; x_wconf 88' lang='lat' dir='ltr'>paraverat</span> <span class='ocrx_word' id='word_1_158' title='bbox 396 2363 502 2438; x_wconf 87' lang='lat' dir='ltr'>coluit,</span> <span class='ocrx_word' id='word_1_159' title='bbox 516 2381 566 2422; x_wconf 91' lang='lat' dir='ltr'>me</span> <span class='ocrx_word' id='word_1_160' title='bbox 585 2368 678 2438; x_wconf 89' lang='lat' dir='ltr'>certe,</span> <span class='ocrx_word' id='word_1_161' title='bbox 698 2369 734 2423; x_wconf 90' lang='grc' dir='ltr'>ιιι</span> <span class='ocrx_word' id='word_1_162' title='bbox 752 2363 888 2441; x_wconf 91' lang='lat' dir='ltr'>primum</span> <span class='ocrx_word' id='word_1_163' title='bbox 910 2364 971 2425; x_wconf 90' lang='lat' dir='ltr'>sibi</span> <span class='ocrx_word' id='word_1_164' title='bbox 992 2365 1131 2426; x_wconf 90' lang='lat' dir='ltr'>iudicare</span> <span class='ocrx_word' id='word_1_165' title='bbox 1152 2384 1219 2445; x_wconf 91' lang='lat' dir='ltr'>per-</span> 
     </span>
     <span class='ocr_line' id='line_1_21' title="bbox 164 2467 1253 2546; baseline -0.001 -14"><span class='ocrx_word' id='word_1_166' title='bbox 164 2486 194 2532; x_wconf 78' lang='lat' dir='ltr'>ao</span> <span class='ocrx_word' id='word_1_167' title='bbox 213 2470 310 2545; x_wconf 90' lang='lat' dir='ltr'>misit,</span> <span class='ocrx_word' id='word_1_168' title='bbox 325 2469 366 2528; x_wconf 91' lang='lat' dir='ltr'>ad</span> <span class='ocrx_word' id='word_1_169' title='bbox 379 2486 516 2529; x_wconf 90' lang='lat' dir='ltr'>amorem</span> <span class='ocrx_word' id='word_1_170' title='bbox 529 2467 800 2546; x_wconf 88' lang='lat' dir='ltr'>imitationemque</span> <span class='ocrx_word' id='word_1_171' title='bbox 820 2469 946 2545; x_wconf 85' lang='lat' dir='ltr'>delegit.</span> <span class='ocrx_word' id='word_1_172' title='bbox 989 2470 1116 2530; x_wconf 90' lang='lat' dir='ltr'>Dicenti</span> <span class='ocrx_word' id='word_1_173' title='bbox 1137 2470 1253 2531; x_wconf 88' lang='lat' dir='ltr'>mihie</span> 
     </span>
     <span class='ocr_line' id='line_1_22' title="bbox 213 2571 1218 2652; baseline 0 -16"><span class='ocrx_word' id='word_1_174' title='bbox 213 2574 368 2636; x_wconf 91' lang='lat' dir='ltr'>sollicitus</span> <span class='ocrx_word' id='word_1_175' title='bbox 382 2573 519 2647; x_wconf 88' lang='lat' dir='ltr'>adsistit,</span> <span class='ocrx_word' id='word_1_176' title='bbox 534 2571 659 2632; x_wconf 89' lang='lat' dir='ltr'>adsidet</span> <span class='ocrx_word' id='word_1_177' title='bbox 677 2572 840 2633; x_wconf 88' lang='lat' dir='ltr'>recitanti:</span> <span class='ocrx_word' id='word_1_178' title='bbox 862 2573 973 2652; x_wconf 90' lang='lat' dir='ltr'>primis</span> <span class='ocrx_word' id='word_1_179' title='bbox 990 2574 1086 2635; x_wconf 87' lang='lat' dir='ltr'>etiam</span> <span class='ocrx_word' id='word_1_180' title='bbox 1100 2580 1218 2636; x_wconf 92' lang='lat' dir='ltr'>etcum</span> 
     </span>
     <span class='ocr_line' id='line_1_23' title="bbox 213 2677 1216 2757; baseline 0 -16"><span class='ocrx_word' id='word_1_181' title='bbox 213 2680 349 2741; x_wconf 85' lang='lat' dir='ltr'>maxime</span> <span class='ocrx_word' id='word_1_182' title='bbox 369 2677 570 2740; x_wconf 89' lang='lat' dir='ltr'>nascentibus</span> <span class='ocrx_word' id='word_1_183' title='bbox 592 2677 752 2756; x_wconf 91' lang='lat' dir='ltr'>opusculis</span> <span class='ocrx_word' id='word_1_184' title='bbox 771 2679 849 2739; x_wconf 93' lang='lat' dir='ltr'>meis</span> <span class='ocrx_word' id='word_1_185' title='bbox 868 2679 1009 2754; x_wconf 89' lang='lat' dir='ltr'>interest,</span> <span class='ocrx_word' id='word_1_186' title='bbox 1023 2699 1107 2741; x_wconf 91' lang='lat' dir='ltr'>nuno</span> <span class='ocrx_word' id='word_1_187' title='bbox 1121 2681 1216 2757; x_wconf 89' lang='lat' dir='ltr'>solus,</span> 
     </span>
     <span class='ocr_line' id='line_1_24' title="bbox 213 2783 1216 2864; baseline 0.003 -19"><span class='ocrx_word' id='word_1_188' title='bbox 213 2792 287 2846; x_wconf 87' lang='lat' dir='ltr'>ante</span> <span class='ocrx_word' id='word_1_189' title='bbox 301 2784 494 2858; x_wconf 85' lang='lat' dir='ltr'>cumfratre,</span> <span class='ocrx_word' id='word_1_190' title='bbox 509 2783 598 2843; x_wconf 86' lang='lat' dir='ltr'>cuius</span> <span class='ocrx_word' id='word_1_191' title='bbox 612 2801 712 2860; x_wconf 89' lang='lat' dir='ltr'>nuper</span> <span class='ocrx_word' id='word_1_192' title='bbox 726 2783 835 2844; x_wconf 87' lang='lat' dir='ltr'>amissi</span> <span class='ocrx_word' id='word_1_193' title='bbox 854 2802 911 2860; x_wconf 90' lang='lat' dir='ltr'>ego</span> <span class='ocrx_word' id='word_1_194' title='bbox 928 2784 1085 2863; x_wconf 87' lang='lat' dir='ltr'>suscipere</span> <span class='ocrx_word' id='word_1_195' title='bbox 1100 2792 1216 2864; x_wconf 86' lang='lat' dir='ltr'>partes,</span> 
     </span>
     <span class='ocr_line' id='line_1_25' title="bbox 213 2887 1252 2967; baseline -0.003 -16"><span class='ocrx_word' id='word_1_196' title='bbox 213 2909 270 2967; x_wconf 87' lang='lat' dir='ltr'>ego</span> <span class='ocrx_word' id='word_1_197' title='bbox 284 2891 383 2949; x_wconf 86' lang='lat' dir='ltr'>vicem</span> <span class='ocrx_word' id='word_1_198' title='bbox 405 2889 501 2949; x_wconf 89' lang='lat' dir='ltr'>debeo</span> <span class='ocrx_word' id='word_1_199' title='bbox 520 2887 648 2966; x_wconf 87' lang='lat' dir='ltr'>inplere.</span> <span class='ocrx_word' id='word_1_200' title='bbox 691 2887 790 2948; x_wconf 92' lang='lat' dir='ltr'>Doleo</span> <span class='ocrx_word' id='word_1_201' title='bbox 809 2887 892 2947; x_wconf 91' lang='lat' dir='ltr'>enim</span> <span class='ocrx_word' id='word_1_202' title='bbox 907 2895 940 2949; x_wconf 92' lang='lat' dir='ltr'>et</span> <span class='ocrx_word' id='word_1_203' title='bbox 952 2888 1043 2949; x_wconf 92' lang='lat' dir='ltr'>illum</span> <span class='ocrx_word' id='word_1_204' title='bbox 1059 2890 1218 2951; x_wconf 88' lang='lat' dir='ltr'>inmatura</span> <span class='ocrx_word' id='word_1_205' title='bbox 1237 2901 1252 2948; x_wconf 77' lang='lat'>⁷</span> 
     </span>
     <span class='ocr_line' id='line_1_26' title="bbox 164 2992 1218 3071; baseline 0 -15"><span class='ocrx_word' id='word_1_206' title='bbox 164 3013 193 3058; x_wconf 62' lang='grc' dir='ltr'>’.ιι</span> <span class='ocrx_word' id='word_1_207' title='bbox 214 3001 312 3055; x_wconf 90' lang='lat' dir='ltr'>morte</span> <span class='ocrx_word' id='word_1_208' title='bbox 333 2992 553 3069; x_wconf 84' lang='lat' dir='ltr'>indignissime</span> <span class='ocrx_word' id='word_1_209' title='bbox 573 2998 698 3069; x_wconf 87' lang='lat' dir='ltr'>raptum</span> <span class='ocrx_word' id='word_1_210' title='bbox 717 2997 749 3052; x_wconf 89' lang='lat' dir='ltr'>et</span> <span class='ocrx_word' id='word_1_211' title='bbox 767 2992 851 3052; x_wconf 90' lang='lat' dir='ltr'>hune</span> <span class='ocrx_word' id='word_1_212' title='bbox 872 2993 984 3071; x_wconf 93' lang='lat' dir='ltr'>optimi</span> <span class='ocrx_word' id='word_1_213' title='bbox 1002 2994 1112 3055; x_wconf 86' lang='lat' dir='ltr'>fratris</span> <span class='ocrx_word' id='word_1_214' title='bbox 1132 2995 1218 3056; x_wconf 86' lang='lat' dir='ltr'>adiu·</span> 
     </span>
     <span class='ocr_line' id='line_1_27' title="bbox 213 3096 1252 3174; baseline -0.004 -14"><span class='ocrx_word' id='word_1_215' title='bbox 213 3106 319 3161; x_wconf 90' lang='lat' dir='ltr'>mento</span> <span class='ocrx_word' id='word_1_216' title='bbox 341 3098 529 3159; x_wconf 89' lang='lat' dir='ltr'>destitutum</span> <span class='ocrx_word' id='word_1_217' title='bbox 552 3096 688 3174; x_wconf 90' lang='lat' dir='ltr'>solisque</span> <span class='ocrx_word' id='word_1_218' title='bbox 710 3096 819 3157; x_wconf 87' lang='lat' dir='ltr'>amicis</span> <span class='ocrx_word' id='word_1_219' title='bbox 840 3096 993 3158; x_wconf 89' lang='lat' dir='ltr'>relictum.</span> <span class='ocrx_word' id='word_1_220' title='bbox 1036 3099 1157 3171; x_wconf 83' lang='lat' dir='ltr'>Quibus</span> <span class='ocrx_word' id='word_1_221' title='bbox 1178 3119 1217 3161; x_wconf 82' lang='lat' dir='ltr'>ex</span> <span class='ocrx_word' id='word_1_222' title='bbox 1236 3108 1252 3156; x_wconf 83' lang='lat'>8</span> 
     </span>
     <span class='ocr_line' id='line_1_28' title="bbox 213 3200 1215 3282; baseline 0.001 -17"><span class='ocrx_word' id='word_1_223' title='bbox 213 3205 316 3266; x_wconf 88' lang='lat' dir='ltr'>causis</span> <span class='ocrx_word' id='word_1_224' title='bbox 341 3203 433 3278; x_wconf 86' lang='lat' dir='ltr'>exigo</span> <span class='ocrx_word' id='word_1_225' title='bbox 457 3207 493 3261; x_wconf 91' lang='lat' dir='ltr'>ut</span> <span class='ocrx_word' id='word_1_226' title='bbox 516 3200 626 3262; x_wconf 86' lang='lat' dir='ltr'>venias</span> <span class='ocrx_word' id='word_1_227' title='bbox 649 3205 681 3260; x_wconf 92' lang='lat' dir='ltr'>et</span> <span class='ocrx_word' id='word_1_228' title='bbox 708 3200 857 3278; x_wconf 83' lang='lat' dir='ltr'>suffragio</span> <span class='ocrx_word' id='word_1_229' title='bbox 884 3220 953 3262; x_wconf 90' lang='lat' dir='ltr'>meo</span> <span class='ocrx_word' id='word_1_230' title='bbox 977 3209 1067 3263; x_wconf 90' lang='lat' dir='ltr'>tuum</span> <span class='ocrx_word' id='word_1_231' title='bbox 1094 3204 1215 3282; x_wconf 84' lang='lat' dir='ltr'>iungas.</span> 
     </span>
     <span class='ocr_line' id='line_1_29' title="bbox 213 3307 1216 3379; baseline 0 -9"><span class='ocrx_word' id='word_1_232' title='bbox 213 3308 411 3370; x_wconf 90' lang='lat' dir='ltr'>Permultum</span> <span class='ocrx_word' id='word_1_233' title='bbox 432 3307 565 3366; x_wconf 89' lang='lat' dir='ltr'>interest</span> <span class='ocrx_word' id='word_1_234' title='bbox 585 3323 655 3364; x_wconf 89' lang='lat' dir='ltr'>mea</span> <span class='ocrx_word' id='word_1_235' title='bbox 673 3310 705 3365; x_wconf 89' lang='lat' dir='ltr'>tc</span> <span class='ocrx_word' id='word_1_236' title='bbox 726 3311 892 3379; x_wconf 88' lang='lat' dir='ltr'>ostentare,</span> <span class='ocrx_word' id='word_1_237' title='bbox 914 3312 1018 3367; x_wconf 89' lang='lat' dir='ltr'>tecum</span> <span class='ocrx_word' id='word_1_238' title='bbox 1042 3307 1216 3370; x_wconf 88' lang='lat' dir='ltr'>circumire.</span> 
     </span>
     <span class='ocr_line' id='line_1_30' title="bbox 213 3410 1217 3487; baseline -0.001 -11"><span class='ocrx_word' id='word_1_239' title='bbox 213 3418 261 3476; x_wconf 87' lang='lat' dir='ltr'>Ea</span> <span class='ocrx_word' id='word_1_240' title='bbox 275 3420 323 3475; x_wconf 88' lang='lat' dir='ltr'>est</span> <span class='ocrx_word' id='word_1_241' title='bbox 337 3412 507 3473; x_wconf 89' lang='lat' dir='ltr'>auctoritas</span> <span class='ocrx_word' id='word_1_242' title='bbox 520 3417 577 3470; x_wconf 91' lang='lat' dir='ltr'>tua</span> <span class='ocrx_word' id='word_1_243' title='bbox 590 3417 625 3470; x_wconf 89' lang='lat' dir='ltr'>ut</span> <span class='ocrx_word' id='word_1_244' title='bbox 640 3416 747 3487; x_wconf 90' lang='lat' dir='ltr'>putem</span> <span class='ocrx_word' id='word_1_245' title='bbox 761 3429 811 3470; x_wconf 92' lang='lat' dir='ltr'>me</span> <span class='ocrx_word' id='word_1_246' title='bbox 826 3410 979 3473; x_wconf 89' lang='lat' dir='ltr'>efficacius</span> <span class='ocrx_word' id='word_1_247' title='bbox 997 3419 1101 3473; x_wconf 90' lang='lat' dir='ltr'>tecum</span> <span class='ocrx_word' id='word_1_248' title='bbox 1120 3414 1217 3475; x_wconf 90' lang='lat' dir='ltr'>etiam</span> 
     </span>
     <span class='ocr_line' id='line_1_31' title="bbox 166 3515 1253 3595; baseline -0.005 -14"><span class='ocrx_word' id='word_1_249' title='bbox 166 3534 194 3580; x_wconf 80' lang='lat'>³0</span> <span class='ocrx_word' id='word_1_250' title='bbox 213 3539 298 3581; x_wconf 91' lang='lat' dir='ltr'>meos</span> <span class='ocrx_word' id='word_1_251' title='bbox 317 3519 434 3580; x_wconf 89' lang='lat' dir='ltr'>amicos</span> <span class='ocrx_word' id='word_1_252' title='bbox 453 3521 641 3592; x_wconf 87' lang='lat' dir='ltr'>rogaturum.</span> <span class='ocrx_word' id='word_1_253' title='bbox 683 3515 853 3594; x_wconf 83' lang='lat' dir='ltr'>Abrumpe,</span> <span class='ocrx_word' id='word_1_254' title='bbox 875 3516 904 3576; x_wconf 91' lang='lat' dir='ltr'>si</span> <span class='ocrx_word' id='word_1_255' title='bbox 924 3537 989 3595; x_wconf 88' lang='lat' dir='ltr'>qua</span> <span class='ocrx_word' id='word_1_256' title='bbox 1006 3524 1039 3578; x_wconf 90' lang='lat' dir='ltr'>te</span> <span class='ocrx_word' id='word_1_257' title='bbox 1060 3519 1216 3581; x_wconf 90' lang='lat' dir='ltr'>retinent:</span> <span class='ocrx_word' id='word_1_258' title='bbox 1237 3529 1253 3576; x_wconf 82' lang='lat'>9</span> 
     </span>
     <span class='ocr_line' id='line_1_32' title="bbox 213 3619 1216 3701; baseline 0.001 -16"><span class='ocrx_word' id='word_1_259' title='bbox 213 3626 273 3686; x_wconf 93' lang='lat' dir='ltr'>hoc</span> <span class='ocrx_word' id='word_1_260' title='bbox 286 3631 411 3701; x_wconf 88' lang='lat' dir='ltr'>tempus</span> <span class='ocrx_word' id='word_1_261' title='bbox 425 3640 538 3694; x_wconf 91' lang='lat' dir='ltr'>meum,</span> <span class='ocrx_word' id='word_1_262' title='bbox 553 3620 612 3679; x_wconf 93' lang='lat' dir='ltr'>hoc</span> <span class='ocrx_word' id='word_1_263' title='bbox 626 3619 713 3695; x_wconf 89' lang='lat' dir='ltr'>fides,</span> <span class='ocrx_word' id='word_1_264' title='bbox 728 3619 787 3679; x_wconf 91' lang='lat' dir='ltr'>hoc</span> <span class='ocrx_word' id='word_1_265' title='bbox 801 3621 897 3680; x_wconf 89' lang='lat' dir='ltr'>etiam</span> <span class='ocrx_word' id='word_1_266' title='bbox 911 3622 1050 3700; x_wconf 86' lang='lat' dir='ltr'>dignitas</span> <span class='ocrx_word' id='word_1_267' title='bbox 1064 3625 1216 3701; x_wconf 79' lang='lat' dir='ltr'>postrrlat</span> 
     </span>
     <span class='ocr_line' id='line_1_33' title="bbox 215 3724 1218 3807; baseline -0.002 -15"><span class='ocrx_word' id='word_1_268' title='bbox 215 3727 344 3807; x_wconf 87' lang='lat' dir='ltr'>Suscepi</span> <span class='ocrx_word' id='word_1_269' title='bbox 368 3726 580 3800; x_wconf 86' lang='lat' dir='ltr'>candidatum,</span> <span class='ocrx_word' id='word_1_270' title='bbox 604 3729 636 3784; x_wconf 90' lang='lat' dir='ltr'>et</span> <span class='ocrx_word' id='word_1_271' title='bbox 660 3724 834 3802; x_wconf 87' lang='lat' dir='ltr'>suscepisse</span> <span class='ocrx_word' id='word_1_272' title='bbox 858 3744 907 3785; x_wconf 93' lang='lat' dir='ltr'>me</span> <span class='ocrx_word' id='word_1_273' title='bbox 931 3733 1040 3788; x_wconf 90' lang='lat' dir='ltr'>notum</span> <span class='ocrx_word' id='word_1_274' title='bbox 1064 3733 1129 3789; x_wconf 90' lang='lat' dir='ltr'>est:</span> <span class='ocrx_word' id='word_1_275' title='bbox 1159 3749 1218 3806; x_wconf 81' lang='lat' dir='ltr'>ego</span> 
     </span>
    </p>
   </div>
   <div class='ocr_carea' id='block_1_3' title="bbox 0 0 1396 4164">
    <p class='ocr_par' dir='ltr' id='par_1_3' title="bbox 0 0 1396 4164">
     <span class='ocr_line' id='line_1_34' title="bbox 0 0 1396 4164; baseline 0 0"><span class='ocrx_word' id='word_1_276' title='bbox 0 0 1396 4164; x_wconf 95' lang='lat' dir='ltr'> </span> 
     </span>
    </p>
   </div>
  </div>
 </body>
</html>
