2782 4164
175 303 254 369 126
613 314 643 367 5.
664 315 765 366 5555

189 487 309 548 5555155.
352 488 429 547 Mox
450 486 519 565 ipso
539 492 686 562 tractatu,
700 493 737 546 ut
758 486 827 546 fieri
841 486 930 562 solet,
945 454 1191 546 diffundentese

190 592 328 669 crimine,
344 591 451 670 plures
469 592 588 671 species
609 592 796 652 inciderunt.
839 591 1024 669 Propositus
1041 597 1090 651 est
1105 590 1192 651 libel·
1211 600 1225 645 5

189 696 240 758 155
255 697 322 758 sine
336 703 461 758 auctore
476 698 646 757 multorum
663 697 791 756 nomina
809 697 992 756 continens·
1024 697 1085 768 Qui
1101 714 1193 773 nega

189 802 266 864 bant
290 821 357 863 esse
380 821 413 863 se
436 803 632 864 Christianos
654 808 709 862 aut
732 803 841 878 fuisse,
858 821 929 862 cnm
951 807 1121 880 praeeunte
1142 819 1191 861 me

155 919 170 965 5
190 907 265 968 deos
279 907 475 986 appellarent
489 914 521 967 et
535 907 666 984 imagini
680 913 762 982 tuae,
775 925 868 984 quam
883 913 1010 986 propter
1025 906 1083 967 hoc
1097 907 1192 966 iusse-

189 1031 257 1073 ram
271 1031 342 1072 cum
356 1012 532 1073 simulacris
550 1012 715 1071 numinum
736 1011 864 1087 adferri,
878 1018 949 1072 ture
970 1031 1005 1073 ac
1026 1012 1100 1071 vino
1122 1031 1193 1089 sup-

189 1117 352 1196 plicarent,
368 1123 529 1195 praeterea
549 1117 630 1176 55515
652 1117 792 1177 dicerent
813 1117 947 1193 Christo,
963 1136 1095 1195 quorum
1110 1116 1192 1177 nihil

189 1241 281 1302 posse
295 1224 363 1299 cogi
377 1223 525 1283 dicuntur
540 1223 594 1300 qui
609 1229 683 1283 sunt
700 1242 733 1282 55
749 1241 823 1283 vera
838 1223 1021 1299 Christiani,
1034 1223 1193 1282 dimitten-

190 1328 246 1389 dos
264 1347 332 1388 esse
349 1329 467 1406 putavi.
510 1328 578 1387 Alii
597 1328 636 1388 ab
656 1328 760 1387 indice
779 1328 933 1388 nominati
952 1346 1020 1389 esse
1040 1327 1193 1388 55015515-
1212 1331 1227 1377 6

142 1448 171 1494 15
189 1434 293 1494 515555
314 1434 462 1493 dixerunt
482 1439 515 1493 et
535 1453 608 1493 mox
629 1439 839 1510 negaverunt3
862 1433 961 1494 fuisse
983 1434 1119 1511 quidem,
1138 1435 1193 1494 sed

189 1539 317 1613 desisse,
332 1538 458 1616 quidam
476 1544 549 1598 ante
564 1538 670 1617 plures
686 1557 793 1614 annos,
808 1558 870 1598 non
889 1557 981 1598 nemo
1002 1539 1097 1598 etiam
1119 1546 1192 1599 ante

188 1643 311 1719 viginti.
353 1642 401 1702 Hi
414 1662 538 1721 quoque
549 1660 656 1702 omnes
671 1646 703 1702 55
717 1639 885 1717 imaginem
900 1648 987 1703 tuam
1002 1644 1192 1723 deorumque

190 1746 358 1807 simulacra
381 1746 522 1807 venerati
538 1753 611 1806 sunt
633 1754 665 1807 et
685 1746 812 1807 Christo
836 1746 918 1806 male
940 1748 1096 1808 dixerunt.
1131 1749 1193 1809 Ad-

189 1851 357 1912 firmabant
383 1858 488 1912 autem
515 1851 597 1912 hanc
620 1852 720 1912 fuisse
743 1871 897 1913 summam
914 1852 964 1913 vel
984 1853 1093 1932 culpae
1118 1859 1226 1914 suae?

141 1971 169 2017 15
189 1956 240 2016 vel
254 1957 377 2032 erroris,
391 1957 475 2034 quod
489 1963 593 2016 essent
608 1957 694 2017 soliti
711 1963 794 2017 stato
812 1958 949 2018 dicante
966 1958 1067 2018 lucem
1085 1977 1194 2020 conve·

188 2061 256 2121 nire
270 2080 457 2139 carmenque
471 2062 598 2123 Christo
613 2061 703 2139 quasi
721 2063 778 2122 deo
796 2063 899 2123 dicere
921 2081 1025 2123 secum
1046 2063 1191 2139 invicem,

190 2185 284 2245 seque
300 2172 493 2227 sacramento
507 2186 571 2227 non
589 2167 623 2226 in
646 2169 746 2228 scelus
767 2167 895 2246 aliquod
917 2168 1120 2245 obstringere,
1136 2171 1191 2230 sed

188 2291 228 2332 nc
253 2273 348 2347 furta,
373 2291 412 2331 ne
439 2272 613 2348 latrocinia,
637 2291 676 2332 ne
704 2273 860 2333 adulteria
886 2274 1127 2351 committerent,
1151 2293 1191 2335 ne

188 2376 282 2437 iidem
297 2377 455 2452 fallerent,
470 2396 509 2436 ne
524 2377 703 2455 depositum
723 2377 875 2454 appellati
897 2379 1103 2455 abnegarent:
1126 2379 1192 2457 qui·

138 2493 168 2538 55
187 2481 246 2542 bus
273 2482 408 2560 peractis
435 2501 553 2542 morem
583 2481 643 2542 sibi
671 2482 853 2542 discedendi
883 2482 992 2557 fuisse,
1021 2503 1190 2562 rursusque

188 2587 319 2647 coeundi
333 2588 372 2647 ad
386 2587 572 2665 capiendum
588 2586 700 2662 cibum,
712 2587 923 2665 promiscuum
937 2593 1042 2648 tamen
1057 2594 1089 2648 et
1106 2588 1192 2649 inno

187 2691 292 2768 xium3
321 2692 404 2770 quod
431 2691 535 2770 ipsum
559 2692 662 2751 iacere
683 2691 803 2752 desisse
824 2697 896 2770 post
916 2692 1054 2752 edictum
1075 2712 1188 2771 meum,

187 2816 249 2874 quo
277 2797 447 2857 secundum
475 2796 623 2856 mandata
652 2801 708 2856 tua
737 2795 894 2857 hetaerias
922 2816 990 2857 5555
1018 2803 1187 2859 vetueram.

186 2901 254 2972 Quo
268 2902 367 2977 magis
384 2901 595 2961 necessarium
616 2900 735 2960 credidi
756 2919 796 2960 ex
817 2900 937 2961 duabus
959 2901 1094 2978 ancillis,
1109 2916 1224 2981 quaet

136 3017 166 3063 55
186 3006 348 3066 ministrae
374 3005 565 3079 dicebantur,
587 3006 664 3083 quid
691 3011 774 3066 esset
798 3005 865 3066 veri
890 3010 922 3066 et
949 3026 1005 3085 per
1032 3013 1189 3069 tormenta

185 3129 341 3188 quaerere.
384 3111 477 3170 Nihil
498 3110 585 3170 aliud
605 3110 712 3169 inveni
729 3129 824 3187 quarn
845 3112 1100 3189 superstitionem
1121 3132 1189 3190 pra

185 3234 258 3276 vam
272 3216 469 3276 inmodicam.
511 3216 588 3275 Ideo
603 3215 703 3275 dilata
716 3215 893 3291 cognitione
907 3217 948 3276 ad
963 3217 1187 3278 consulendum

184 3325 217 3381 te
231 3321 402 3381 decucurri.
445 3320 522 3381 Visa
536 3325 584 3380 est
595 3319 679 3380 enirn
690 3320 769 3379 mihi
780 3339 830 3380 res
842 3320 937 3397 digna
947 3322 1185 3399 consultatione,
1206 3335 1222 3381 9

184 3427 321 3487 maxime
349 3431 476 3505 propter
500 3425 748 3504 periclitantium
769 3445 941 3485 numerum.
984 3427 1081 3487 Multi
1102 3428 1186 3488 enim

135 3540 165 3586 ao
185 3531 286 3592 omnis
308 3531 432 3605 aetatis,
450 3531 550 3591 omnis
572 3530 700 3606 ordinis,
715 3530 879 3608 utriusque
900 3550 993 3592 sexus
1015 3532 1118 3609 etiam,
1136 3551 1187 3592 vo

183 3643 294 3697 cantur
307 3636 341 3696 in
355 3636 527 3714 periculum
543 3642 575 3695 et
589 3636 790 3697 vocabuntur.
833 3637 944 3714 Neque
959 3636 1103 3698 civitates
1120 3643 1187 3699 tan·

183 3747 251 3802 tum
280 3742 335 3802 sed
363 3741 448 3801 vicos
476 3741 571 3802 etiarn
599 3746 693 3819 atque
719 3760 810 3818 agros
835 3742 1068 3819 superstitionis
1093 3743 1186 3830 istius
