<?xml version="1.0" encoding="UTF-8"?>
<!DOCTYPE html PUBLIC "-//W3C//DTD XHTML 1.0 Transitional//EN"
    "http://www.w3.org/TR/xhtml1/DTD/xhtml1-transitional.dtd">
<html xmlns="http://www.w3.org/1999/xhtml" xml:lang="en" lang="en">
 <head>
  <title>
</title>
<meta http-equiv="Content-Type" content="text/html;charset=utf-8" />
  <meta name='ocr-system' content='tesseract 3.04.00' />
  <meta name='ocr-capabilities' content='ocr_page ocr_carea ocr_par ocr_line ocrx_word'/>
</head>
<body>
  <div class='ocr_page' id='page_1' title='image "./cplinisecundiep00plingoog_0093.png"; bbox 0 0 2782 4164; ppageno 0'>
   <div class='ocr_carea' id='block_1_1' title="bbox 157 296 737 371">
    <p class='ocr_par' dir='ltr' id='par_1_1' title="bbox 157 296 737 371">
     <span class='ocr_line' id='line_1_1' title="bbox 157 296 737 371; baseline -0.002 -2"><span class='ocrx_word' id='word_1_1' title='bbox 157 296 201 371; x_wconf 81' lang='grc'>44</span> <span class='ocrx_word' id='word_1_2' title='bbox 586 317 616 370; x_wconf 92' lang='lat' dir='ltr'>c.</span> <span class='ocrx_word' id='word_1_3' title='bbox 635 318 737 368; x_wconf 77' lang='lat' dir='ltr'>ratur</span> 
     </span>
    </p>
   </div>
   <div class='ocr_carea' id='block_1_2' title="bbox 111 489 1213 2545">
    <p class='ocr_par' dir='ltr' id='par_1_2' title="bbox 157 489 1212 882">
     <span class='ocr_line' id='line_1_2' title="bbox 157 489 1163 568; baseline 0.001 -19"><span class='ocrx_word' id='word_1_4' title='bbox 157 490 241 549; x_wconf 86' lang='lat' dir='ltr'>enim</span> <span class='ocrx_word' id='word_1_5' title='bbox 262 496 327 550; x_wconf 90' lang='lat' dir='ltr'>tam</span> <span class='ocrx_word' id='word_1_6' title='bbox 348 490 574 566; x_wconf 88' lang='lat' dir='ltr'>circumcisum,</span> <span class='ocrx_word' id='word_1_7' title='bbox 595 496 661 550; x_wconf 90' lang='lat' dir='ltr'>tam</span> <span class='ocrx_word' id='word_1_8' title='bbox 688 491 781 550; x_wconf 89' lang='lat' dir='ltr'>breve</span> <span class='ocrx_word' id='word_1_9' title='bbox 809 509 903 568; x_wconf 92' lang='lat' dir='ltr'>quam</span> <span class='ocrx_word' id='word_1_10' title='bbox 931 489 1067 550; x_wconf 90' lang='lat' dir='ltr'>hominis</span> <span class='ocrx_word' id='word_1_11' title='bbox 1096 489 1163 550; x_wconf 88' lang='lat' dir='ltr'>vita</span> 
     </span>
     <span class='ocr_line' id='line_1_3' title="bbox 158 595 1163 671; baseline 0.001 -18"><span class='ocrx_word' id='word_1_12' title='bbox 158 595 368 671; x_wconf 87' lang='lat' dir='ltr'>longissima?</span> <span class='ocrx_word' id='word_1_13' title='bbox 424 596 476 654; x_wconf 90' lang='lat' dir='ltr'>An</span> <span class='ocrx_word' id='word_1_14' title='bbox 507 614 569 654; x_wconf 90' lang='lat' dir='ltr'>non</span> <span class='ocrx_word' id='word_1_15' title='bbox 596 596 722 655; x_wconf 82' lang='lat' dir='ltr'>videtur</span> <span class='ocrx_word' id='word_1_16' title='bbox 752 595 811 655; x_wconf 88' lang='lat' dir='ltr'>tibi</span> <span class='ocrx_word' id='word_1_17' title='bbox 838 595 923 654; x_wconf 87' lang='lat' dir='ltr'>Nero</span> <span class='ocrx_word' id='word_1_18' title='bbox 951 595 1042 654; x_wconf 89' lang='lat' dir='ltr'>modo</span> <span class='ocrx_word' id='word_1_19' title='bbox 1070 595 1163 654; x_wconf 88' lang='lat' dir='ltr'>modo</span> 
     </span>
     <span class='ocr_line' id='line_1_4' title="bbox 159 700 1164 778; baseline 0.001 -21"><span class='ocrx_word' id='word_1_20' title='bbox 159 700 284 760; x_wconf 87' lang='lat' dir='ltr'>fuisse?</span> <span class='ocrx_word' id='word_1_21' title='bbox 306 719 375 759; x_wconf 90' lang='lat' dir='ltr'>cum</span> <span class='ocrx_word' id='word_1_22' title='bbox 390 700 515 759; x_wconf 82' lang='lat' dir='ltr'>interim</span> <span class='ocrx_word' id='word_1_23' title='bbox 533 719 571 759; x_wconf 86' lang='lat' dir='ltr'>ex</span> <span class='ocrx_word' id='word_1_24' title='bbox 586 700 631 761; x_wconf 91' lang='lat' dir='ltr'>eis</span> <span class='ocrx_word' id='word_1_25' title='bbox 649 701 704 778; x_wconf 92' lang='lat' dir='ltr'>qui</span> <span class='ocrx_word' id='word_1_26' title='bbox 724 701 782 761; x_wconf 90' lang='lat' dir='ltr'>sub</span> <span class='ocrx_word' id='word_1_27' title='bbox 803 700 858 759; x_wconf 95' lang='lat' dir='ltr'>illo</span> <span class='ocrx_word' id='word_1_28' title='bbox 880 705 1042 775; x_wconf 83' lang='lat' dir='ltr'>gesserant</span> <span class='ocrx_word' id='word_1_29' title='bbox 1056 718 1164 760; x_wconf 88' lang='lat' dir='ltr'>consu-</span> 
     </span>
     <span class='ocr_line' id='line_1_5' title="bbox 158 804 1212 882; baseline 0.004 -19"><span class='ocrx_word' id='word_1_30' title='bbox 158 804 259 865; x_wconf 91' lang='lat' dir='ltr'>latum</span> <span class='ocrx_word' id='word_1_31' title='bbox 274 824 365 864; x_wconf 90' lang='lat' dir='ltr'>nemo</span> <span class='ocrx_word' id='word_1_32' title='bbox 380 805 442 865; x_wconf 92' lang='lat' dir='ltr'>iam</span> <span class='ocrx_word' id='word_1_33' title='bbox 458 811 608 882; x_wconf 78' lang='lat' dir='ltr'><strong>superest.</strong></span> <span class='ocrx_word' id='word_1_34' title='bbox 651 805 845 882; x_wconf 85' lang='lat' dir='ltr'><strong>Quamquam</strong></span> <span class='ocrx_word' id='word_1_35' title='bbox 863 805 941 882; x_wconf 88' lang='lat' dir='ltr'>quid</span> <span class='ocrx_word' id='word_1_36' title='bbox 961 804 1019 864; x_wconf 90' lang='lat' dir='ltr'>hoe</span> <span class='ocrx_word' id='word_1_37' title='bbox 1039 804 1161 864; x_wconf 91' lang='lat' dir='ltr'>miror?</span> <span class='ocrx_word' id='word_1_38' title='bbox 1183 822 1212 867; x_wconf 81' lang='lat'>12</span> 
     </span>
    </p>

    <p class='ocr_par' dir='ltr' id='par_1_3' title="bbox 123 910 1213 1407">
     <span class='ocr_line' id='line_1_6' title="bbox 123 910 1163 988; baseline 0.002 -22"><span class='ocrx_word' id='word_1_39' title='bbox 123 920 138 965; x_wconf 81' lang='lat' dir='ltr'>o</span> <span class='ocrx_word' id='word_1_40' title='bbox 158 929 258 987; x_wconf 91' lang='lat' dir='ltr'>nuper</span> <span class='ocrx_word' id='word_1_41' title='bbox 279 910 314 968; x_wconf 86' lang='lat' dir='ltr'>L.</span> <span class='ocrx_word' id='word_1_42' title='bbox 337 910 421 984; x_wconf 86' lang='lat' dir='ltr'>Piso,</span> <span class='ocrx_word' id='word_1_43' title='bbox 443 917 532 988; x_wconf 91' lang='lat' dir='ltr'>pater</span> <span class='ocrx_word' id='word_1_44' title='bbox 553 910 678 971; x_wconf 91' lang='lat' dir='ltr'>Pisonis</span> <span class='ocrx_word' id='word_1_45' title='bbox 700 910 787 970; x_wconf 91' lang='lat' dir='ltr'>illius</span> <span class='ocrx_word' id='word_1_46' title='bbox 809 910 863 987; x_wconf 91' lang='lat' dir='ltr'>qui</span> <span class='ocrx_word' id='word_1_47' title='bbox 885 910 1046 970; x_wconf 85' lang='lat' dir='ltr'>aValerio</span> <span class='ocrx_word' id='word_1_48' title='bbox 1068 911 1163 970; x_wconf 81' lang='lat' dir='ltr'>Festo</span> 
     </span>
     <span class='ocr_line' id='line_1_7' title="bbox 159 1014 1163 1092; baseline 0 -18"><span class='ocrx_word' id='word_1_49' title='bbox 159 1033 214 1092; x_wconf 91' lang='lat' dir='ltr'>per</span> <span class='ocrx_word' id='word_1_50' title='bbox 229 1034 383 1075; x_wconf 90' lang='lat' dir='ltr'>summum</span> <span class='ocrx_word' id='word_1_51' title='bbox 399 1014 523 1075; x_wconf 87' lang='lat' dir='ltr'>facinus</span> <span class='ocrx_word' id='word_1_52' title='bbox 541 1015 573 1073; x_wconf 94' lang='lat' dir='ltr'>in</span> <span class='ocrx_word' id='word_1_53' title='bbox 588 1015 700 1074; x_wconf 87' lang='lat' dir='ltr'>Africa</span> <span class='ocrx_word' id='word_1_54' title='bbox 715 1015 834 1075; x_wconf 91' lang='lat' dir='ltr'>occisus</span> <span class='ocrx_word' id='word_1_55' title='bbox 852 1021 909 1090; x_wconf 89' lang='lat' dir='ltr'>est,</span> <span class='ocrx_word' id='word_1_56' title='bbox 925 1014 1028 1074; x_wconf 90' lang='lat' dir='ltr'>dicere</span> <span class='ocrx_word' id='word_1_57' title='bbox 1042 1014 1163 1074; x_wconf 81' lang='lat' dir='ltr'>solebat</span> 
     </span>
     <span class='ocr_line' id='line_1_8' title="bbox 158 1119 1162 1197; baseline -0.001 -18"><span class='ocrx_word' id='word_1_58' title='bbox 158 1120 316 1179; x_wconf 90' lang='lat' dir='ltr'>neminem</span> <span class='ocrx_word' id='word_1_59' title='bbox 327 1139 360 1180; x_wconf 88' lang='lat' dir='ltr'>se</span> <span class='ocrx_word' id='word_1_60' title='bbox 372 1120 478 1180; x_wconf 89' lang='lat' dir='ltr'>videre</span> <span class='ocrx_word' id='word_1_61' title='bbox 493 1120 527 1178; x_wconf 91' lang='lat' dir='ltr'>iu</span> <span class='ocrx_word' id='word_1_62' title='bbox 541 1126 652 1180; x_wconf 90' lang='lat' dir='ltr'>senatu</span> <span class='ocrx_word' id='word_1_63' title='bbox 663 1138 756 1197; x_wconf 89' lang='lat' dir='ltr'>quern</span> <span class='ocrx_word' id='word_1_64' title='bbox 767 1119 876 1180; x_wconf 89' lang='lat' dir='ltr'>consul</span> <span class='ocrx_word' id='word_1_65' title='bbox 890 1119 959 1197; x_wconf 89' lang='lat' dir='ltr'>ipse</span> <span class='ocrx_word' id='word_1_66' title='bbox 974 1119 1162 1179; x_wconf 92' lang='lat' dir='ltr'>sententiam</span> 
     </span>
     <span class='ocr_line' id='line_1_9' title="bbox 159 1225 1213 1302; baseline 0.004 -17"><span class='ocrx_word' id='word_1_67' title='bbox 159 1226 340 1302; x_wconf 75' lang='lat' dir='ltr'><strong>rogavisset.</strong></span> <span class='ocrx_word' id='word_1_68' title='bbox 384 1227 461 1285; x_wconf 86' lang='lat' dir='ltr'>Tam</span> <span class='ocrx_word' id='word_1_69' title='bbox 483 1226 625 1301; x_wconf 86' lang='lat' dir='ltr'>angustis</span> <span class='ocrx_word' id='word_1_70' title='bbox 650 1226 793 1286; x_wconf 89' lang='lat' dir='ltr'>terminis</span> <span class='ocrx_word' id='word_1_71' title='bbox 818 1232 924 1285; x_wconf 91' lang='lat' dir='ltr'>tantae</span> <span class='ocrx_word' id='word_1_72' title='bbox 949 1225 1163 1285; x_wconf 88' lang='lat' dir='ltr'>multitudinis</span> <span class='ocrx_word' id='word_1_73' title='bbox 1184 1243 1213 1290; x_wconf 82' lang='lat'>13</span> 
     </span>
     <span class='ocr_line' id='line_1_10' title="bbox 160 1329 1163 1407; baseline 0 -19"><span class='ocrx_word' id='word_1_74' title='bbox 160 1329 312 1391; x_wconf 89' lang='lat' dir='ltr'>vivacitas</span> <span class='ocrx_word' id='word_1_75' title='bbox 324 1330 393 1407; x_wconf 92' lang='lat' dir='ltr'>ipsa</span> <span class='ocrx_word' id='word_1_76' title='bbox 404 1330 608 1404; x_wconf 78' lang='lat' dir='ltr'><strong>concluditur,</strong></span> <span class='ocrx_word' id='word_1_77' title='bbox 620 1336 656 1390; x_wconf 93' lang='lat' dir='ltr'>ut</span> <span class='ocrx_word' id='word_1_78' title='bbox 669 1330 748 1389; x_wconf 88' lang='lat' dir='ltr'>mihi</span> <span class='ocrx_word' id='word_1_79' title='bbox 759 1349 823 1389; x_wconf 91' lang='lat' dir='ltr'>non</span> <span class='ocrx_word' id='word_1_80' title='bbox 834 1330 927 1389; x_wconf 89' lang='lat' dir='ltr'>venia</span> <span class='ocrx_word' id='word_1_81' title='bbox 937 1331 1038 1390; x_wconf 89' lang='lat' dir='ltr'>solum</span> <span class='ocrx_word' id='word_1_82' title='bbox 1050 1330 1163 1406; x_wconf 85' lang='lat' dir='ltr'>dignae</span> 
     </span>
    </p>

    <p class='ocr_par' dir='ltr' id='par_1_4' title="bbox 111 1435 1213 1934">
     <span class='ocr_line' id='line_1_11' title="bbox 111 1435 1163 1511; baseline 0.003 -20"><span class='ocrx_word' id='word_1_83' title='bbox 111 1446 139 1492; x_wconf 90' lang='lat'>10</span> <span class='ocrx_word' id='word_1_84' title='bbox 159 1436 375 1497; x_wconf 86' lang='lat' dir='ltr'>verumetiam</span> <span class='ocrx_word' id='word_1_85' title='bbox 389 1436 482 1495; x_wconf 93' lang='lat' dir='ltr'>laude</span> <span class='ocrx_word' id='word_1_86' title='bbox 494 1436 660 1496; x_wconf 86' lang='lat' dir='ltr'>videantur</span> <span class='ocrx_word' id='word_1_87' title='bbox 675 1436 748 1495; x_wconf 92' lang='lat' dir='ltr'>illae</span> <span class='ocrx_word' id='word_1_88' title='bbox 763 1436 866 1511; x_wconf 79' lang='lat' dir='ltr'>regiae</span> <span class='ocrx_word' id='word_1_89' title='bbox 881 1435 1036 1495; x_wconf 88' lang='lat' dir='ltr'>lacrimae.</span> <span class='ocrx_word' id='word_1_90' title='bbox 1079 1436 1163 1495; x_wconf 89' lang='lat' dir='ltr'>Nam</span> 
     </span>
     <span class='ocr_line' id='line_1_12' title="bbox 160 1541 1162 1616; baseline -0.001 -15"><span class='ocrx_word' id='word_1_91' title='bbox 160 1543 267 1602; x_wconf 89' lang='lat' dir='ltr'>ferunt</span> <span class='ocrx_word' id='word_1_92' title='bbox 284 1543 420 1616; x_wconf 83' lang='lat' dir='ltr'>Xerxen,</span> <span class='ocrx_word' id='word_1_93' title='bbox 436 1560 506 1601; x_wconf 92' lang='lat' dir='ltr'>cum</span> <span class='ocrx_word' id='word_1_94' title='bbox 527 1541 714 1601; x_wconf 90' lang='lat' dir='ltr'>immensum</span> <span class='ocrx_word' id='word_1_95' title='bbox 733 1541 905 1601; x_wconf 84' lang='lat' dir='ltr'>exercitum</span> <span class='ocrx_word' id='word_1_96' title='bbox 922 1541 1020 1600; x_wconf 90' lang='lat' dir='ltr'>oculis</span> <span class='ocrx_word' id='word_1_97' title='bbox 1035 1541 1162 1615; x_wconf 87' lang='lat' dir='ltr'>obisset,</span> 
     </span>
     <span class='ocr_line' id='line_1_13' title="bbox 159 1645 1163 1723; baseline -0.002 -17"><span class='ocrx_word' id='word_1_98' title='bbox 159 1647 384 1720; x_wconf 84' lang='lat' dir='ltr'>inlacrimasse,</span> <span class='ocrx_word' id='word_1_99' title='bbox 412 1646 496 1723; x_wconf 91' lang='lat' dir='ltr'>quod</span> <span class='ocrx_word' id='word_1_100' title='bbox 526 1652 573 1705; x_wconf 91' lang='lat' dir='ltr'>tot</span> <span class='ocrx_word' id='word_1_101' title='bbox 602 1645 729 1706; x_wconf 90' lang='lat' dir='ltr'>milibus</span> <span class='ocrx_word' id='word_1_102' title='bbox 756 1651 821 1706; x_wconf 90' lang='lat' dir='ltr'>tam</span> <span class='ocrx_word' id='word_1_103' title='bbox 850 1645 955 1705; x_wconf 89' lang='lat' dir='ltr'>brevis</span> <span class='ocrx_word' id='word_1_104' title='bbox 985 1645 1163 1704; x_wconf 86' lang='lat' dir='ltr'>immineret</span> 
     </span>
     <span class='ocr_line' id='line_1_14' title="bbox 160 1749 1213 1828; baseline 0 -16"><span class='ocrx_word' id='word_1_105' title='bbox 160 1770 294 1812; x_wconf 84' lang='lat' dir='ltr'>occasus.</span> <span class='ocrx_word' id='word_1_106' title='bbox 346 1751 408 1810; x_wconf 82' lang='lat' dir='ltr'>Sed</span> <span class='ocrx_word' id='word_1_107' title='bbox 434 1756 524 1811; x_wconf 90' lang='lat' dir='ltr'>tanto</span> <span class='ocrx_word' id='word_1_108' title='bbox 551 1751 650 1826; x_wconf 86' lang='lat' dir='ltr'>magis</span> <span class='ocrx_word' id='word_1_109' title='bbox 675 1751 733 1810; x_wconf 90' lang='lat' dir='ltr'>hoc</span> <span class='ocrx_word' id='word_1_110' title='bbox 761 1750 916 1828; x_wconf 89' lang='lat' dir='ltr'>quidquid</span> <span class='ocrx_word' id='word_1_111' title='bbox 940 1756 988 1810; x_wconf 90' lang='lat' dir='ltr'>est</span> <span class='ocrx_word' id='word_1_112' title='bbox 1013 1749 1163 1827; x_wconf 90' lang='lat' dir='ltr'>temporis</span> <span class='ocrx_word' id='word_1_113' title='bbox 1184 1767 1213 1812; x_wconf 81' lang='lat'>14</span> 
     </span>
     <span class='ocr_line' id='line_1_15' title="bbox 160 1854 1164 1934; baseline -0.002 -18"><span class='ocrx_word' id='word_1_114' title='bbox 160 1857 264 1917; x_wconf 87' lang='lat' dir='ltr'>futilis</span> <span class='ocrx_word' id='word_1_115' title='bbox 279 1863 312 1916; x_wconf 90' lang='lat' dir='ltr'>et</span> <span class='ocrx_word' id='word_1_116' title='bbox 325 1856 443 1931; x_wconf 87' lang='lat' dir='ltr'>caduci,</span> <span class='ocrx_word' id='word_1_117' title='bbox 459 1855 563 1915; x_wconf 90' lang='lat' dir='ltr'>sinon</span> <span class='ocrx_word' id='word_1_118' title='bbox 578 1856 670 1914; x_wconf 89' lang='lat' dir='ltr'>datur</span> <span class='ocrx_word' id='word_1_119' title='bbox 684 1856 779 1915; x_wconf 86' lang='lat' dir='ltr'>factis</span> <span class='ocrx_word' id='word_1_120' title='bbox 796 1854 881 1934; x_wconf 88' lang='lat' dir='ltr'>(nam</span> <span class='ocrx_word' id='word_1_121' title='bbox 898 1854 1010 1914; x_wconf 91' lang='lat' dir='ltr'>horum</span> <span class='ocrx_word' id='word_1_122' title='bbox 1031 1855 1164 1914; x_wconf 91' lang='lat' dir='ltr'>materia</span> 
     </span>
    </p>

    <p class='ocr_par' dir='ltr' id='par_1_5' title="bbox 111 1960 1212 2459">
     <span class='ocr_line' id='line_1_16' title="bbox 111 1960 1162 2041; baseline 0 -21"><span class='ocrx_word' id='word_1_123' title='bbox 111 1968 140 2014; x_wconf 78' lang='lat'>1⁶</span> <span class='ocrx_word' id='word_1_124' title='bbox 159 1962 193 2021; x_wconf 92' lang='lat' dir='ltr'>in</span> <span class='ocrx_word' id='word_1_125' title='bbox 214 1961 319 2021; x_wconf 91' lang='lat' dir='ltr'>aliena</span> <span class='ocrx_word' id='word_1_126' title='bbox 339 1962 457 2041; x_wconf 88' lang='lat' dir='ltr'>manu),</span> <span class='ocrx_word' id='word_1_127' title='bbox 479 1966 563 2019; x_wconf 89' lang='lat' dir='ltr'>certe</span> <span class='ocrx_word' id='word_1_128' title='bbox 588 1960 701 2020; x_wconf 88' lang='lat' dir='ltr'>studiis</span> <span class='ocrx_word' id='word_1_129' title='bbox 724 1961 929 2037; x_wconf 86' lang='lat' dir='ltr'>proferamus,</span> <span class='ocrx_word' id='word_1_130' title='bbox 952 1966 984 2019; x_wconf 91' lang='lat' dir='ltr'>et</span> <span class='ocrx_word' id='word_1_131' title='bbox 1008 1965 1162 2036; x_wconf 91' lang='lat' dir='ltr'>quatenus</span> 
     </span>
     <span class='ocr_line' id='line_1_17' title="bbox 160 2064 1162 2142; baseline 0 -17"><span class='ocrx_word' id='word_1_132' title='bbox 160 2066 248 2126; x_wconf 92' lang='lat' dir='ltr'>nobis</span> <span class='ocrx_word' id='word_1_133' title='bbox 264 2067 436 2140; x_wconf 85' lang='lat' dir='ltr'>denegatur</span> <span class='ocrx_word' id='word_1_134' title='bbox 451 2065 505 2123; x_wconf 88' lang='lat' dir='ltr'>diu</span> <span class='ocrx_word' id='word_1_135' title='bbox 519 2065 634 2139; x_wconf 82' lang='lat' dir='ltr'>vivere,</span> <span class='ocrx_word' id='word_1_136' title='bbox 650 2064 863 2141; x_wconf 86' lang='lat' dir='ltr'>relinquamus</span> <span class='ocrx_word' id='word_1_137' title='bbox 885 2064 1006 2142; x_wconf 90' lang='lat' dir='ltr'>aliquid</span> <span class='ocrx_word' id='word_1_138' title='bbox 1023 2083 1085 2141; x_wconf 92' lang='lat' dir='ltr'>quo</span> <span class='ocrx_word' id='word_1_139' title='bbox 1105 2083 1162 2125; x_wconf 88' lang='lat' dir='ltr'>nos</span> 
     </span>
     <span class='ocr_line' id='line_1_18' title="bbox 161 2169 1212 2244; baseline -0.003 -14"><span class='ocrx_word' id='word_1_140' title='bbox 161 2171 278 2231; x_wconf 81' lang='lat' dir='ltr'>vixisse</span> <span class='ocrx_word' id='word_1_141' title='bbox 299 2177 459 2231; x_wconf 77' lang='lat' dir='ltr'>testemur.</span> <span class='ocrx_word' id='word_1_142' title='bbox 503 2169 573 2230; x_wconf 83' lang='lat' dir='ltr'>Scio</span> <span class='ocrx_word' id='word_1_143' title='bbox 587 2174 619 2228; x_wconf 92' lang='lat' dir='ltr'>te</span> <span class='ocrx_word' id='word_1_144' title='bbox 634 2169 772 2230; x_wconf 91' lang='lat' dir='ltr'>stimulis</span> <span class='ocrx_word' id='word_1_145' title='bbox 786 2188 849 2228; x_wconf 91' lang='lat' dir='ltr'>non</span> <span class='ocrx_word' id='word_1_146' title='bbox 863 2187 970 2244; x_wconf 83' lang='lat' dir='ltr'>egere3</span> <span class='ocrx_word' id='word_1_147' title='bbox 992 2188 1042 2228; x_wconf 91' lang='lat' dir='ltr'>me</span> <span class='ocrx_word' id='word_1_148' title='bbox 1056 2176 1164 2229; x_wconf 90' lang='lat' dir='ltr'>tamen</span> <span class='ocrx_word' id='word_1_149' title='bbox 1184 2189 1212 2234; x_wconf 71' lang='grc' dir='ltr'>ιι</span> 
     </span>
     <span class='ocr_line' id='line_1_19' title="bbox 160 2273 1164 2351; baseline -0.003 -16"><span class='ocrx_word' id='word_1_150' title='bbox 160 2275 207 2335; x_wconf 92' lang='lat' dir='ltr'>tui</span> <span class='ocrx_word' id='word_1_151' title='bbox 223 2275 337 2336; x_wconf 89' lang='lat' dir='ltr'>caritas</span> <span class='ocrx_word' id='word_1_152' title='bbox 352 2281 461 2334; x_wconf 83' lang='lat' dir='ltr'>evocat</span> <span class='ocrx_word' id='word_1_153' title='bbox 474 2280 510 2334; x_wconf 93' lang='lat' dir='ltr'>ut</span> <span class='ocrx_word' id='word_1_154' title='bbox 523 2280 698 2334; x_wconf 89' lang='lat' dir='ltr'>currentem</span> <span class='ocrx_word' id='word_1_155' title='bbox 715 2292 838 2351; x_wconf 92' lang='lat' dir='ltr'>quoque</span> <span class='ocrx_word' id='word_1_156' title='bbox 858 2273 1015 2349; x_wconf 86' lang='lat' dir='ltr'>instigem,</span> <span class='ocrx_word' id='word_1_157' title='bbox 1031 2274 1113 2334; x_wconf 92' lang='lat' dir='ltr'>sicut</span> <span class='ocrx_word' id='word_1_158' title='bbox 1127 2279 1164 2332; x_wconf 89' lang='lat' dir='ltr'>tu</span> 
     </span>
     <span class='ocr_line' id='line_1_20' title="bbox 160 2378 1164 2459; baseline -0.002 -19"><span class='ocrx_word' id='word_1_159' title='bbox 160 2380 242 2441; x_wconf 92' lang='lat' dir='ltr'>soles</span> <span class='ocrx_word' id='word_1_160' title='bbox 256 2398 314 2439; x_wconf 92' lang='lat' dir='ltr'>me.</span> <span class='ocrx_word' id='word_1_161' title='bbox 359 2381 467 2459; x_wconf 74' lang='grc' dir='ltr'>Ἀγαθὴ</span> <span class='ocrx_word' id='word_1_162' title='bbox 481 2380 505 2438; x_wconf 86' lang='grc' dir='ltr'>δ’</span> <span class='ocrx_word' id='word_1_163' title='bbox 520 2382 585 2458; x_wconf 82' lang='grc' dir='ltr'>ἔρις,</span> <span class='ocrx_word' id='word_1_164' title='bbox 601 2398 670 2438; x_wconf 92' lang='lat' dir='ltr'>cum</span> <span class='ocrx_word' id='word_1_165' title='bbox 690 2378 823 2438; x_wconf 86' lang='lat' dir='ltr'>invicem</span> <span class='ocrx_word' id='word_1_166' title='bbox 840 2397 872 2438; x_wconf 92' lang='lat' dir='ltr'>se</span> <span class='ocrx_word' id='word_1_167' title='bbox 887 2379 1006 2439; x_wconf 91' lang='lat' dir='ltr'>mutuis</span> <span class='ocrx_word' id='word_1_168' title='bbox 1022 2378 1164 2438; x_wconf 84' lang='lat' dir='ltr'>exhorta</span> 
     </span>
    </p>

    <p class='ocr_par' dir='ltr' id='par_1_6' title="bbox 111 2482 1161 2545">
     <span class='ocr_line' id='line_1_21' title="bbox 111 2482 1161 2545; baseline 0.003 -6"><span class='ocrx_word' id='word_1_169' title='bbox 111 2493 140 2539; x_wconf 82' lang='lat' dir='ltr'>uo</span> <span class='ocrx_word' id='word_1_170' title='bbox 159 2485 299 2545; x_wconf 87' lang='lat' dir='ltr'>tionibus</span> <span class='ocrx_word' id='word_1_171' title='bbox 310 2484 403 2545; x_wconf 89' lang='lat' dir='ltr'>amici</span> <span class='ocrx_word' id='word_1_172' title='bbox 417 2484 457 2544; x_wconf 93' lang='lat' dir='ltr'>ad</span> <span class='ocrx_word' id='word_1_173' title='bbox 468 2503 601 2544; x_wconf 92' lang='lat' dir='ltr'>amorem</span> <span class='ocrx_word' id='word_1_174' title='bbox 614 2483 862 2544; x_wconf 87' lang='lat' dir='ltr'>immortalitatis</span> <span class='ocrx_word' id='word_1_175' title='bbox 874 2489 1038 2543; x_wconf 87' lang='lat' dir='ltr'>exacuunt.</span> <span class='ocrx_word' id='word_1_176' title='bbox 1073 2482 1161 2544; x_wconf 90' lang='lat' dir='ltr'>Vale.</span> 
     </span>
    </p>
   </div>
   <div class='ocr_carea' id='block_1_3' title="bbox 575 2735 743 2816">
    <p class='ocr_par' dir='ltr' id='par_1_7' title="bbox 575 2735 743 2816">
     <span class='ocr_line' id='line_1_22' title="bbox 575 2735 743 2816; baseline -0.03 -18"><span class='ocrx_word' id='word_1_177' title='bbox 575 2738 628 2798; x_wconf 77' lang='lat' dir='ltr'>es.</span> <span class='ocrx_word' id='word_1_178' title='bbox 657 2735 743 2816; x_wconf 81' lang='grc' dir='ltr'>(ιιι.)</span> 
     </span>
    </p>
   </div>
   <div class='ocr_carea' id='block_1_4' title="bbox 328 2903 993 2958">
    <p class='ocr_par' dir='ltr' id='par_1_8' title="bbox 328 2903 993 2958">
     <span class='ocr_line' id='line_1_23' title="bbox 328 2903 993 2958; baseline -0.003 0"><span class='ocrx_word' id='word_1_179' title='bbox 328 2905 358 2958; x_wconf 82' lang='lat' dir='ltr'>C.</span> <span class='ocrx_word' id='word_1_180' title='bbox 385 2905 529 2956; x_wconf 86' lang='lat' dir='ltr'><strong>PLINIUS</strong></span> <span class='ocrx_word' id='word_1_181' title='bbox 553 2905 652 2955; x_wconf 86' lang='lat' dir='ltr'><strong>IULIO</strong></span> <span class='ocrx_word' id='word_1_182' title='bbox 676 2904 852 2956; x_wconf 79' lang='lat' dir='ltr'><strong>GENITORI</strong></span> <span class='ocrx_word' id='word_1_183' title='bbox 875 2904 943 2955; x_wconf 86' lang='lat' dir='ltr'>SUO</span> <span class='ocrx_word' id='word_1_184' title='bbox 966 2903 993 2956; x_wconf 84' lang='lat' dir='ltr'>S.</span> 
     </span>
    </p>
   </div>
   <div class='ocr_carea' id='block_1_5' title="bbox 430 3062 891 3124">
    <p class='ocr_par' dir='ltr' id='par_1_9' title="bbox 430 3062 891 3124">
     <span class='ocr_line' id='line_1_24' title="bbox 430 3062 891 3124; baseline -0.002 -12"><span class='ocrx_word' id='word_1_185' title='bbox 430 3063 535 3124; x_wconf 76' lang='lat' dir='ltr'>Pliny&#39;s</span> <span class='ocrx_word' id='word_1_186' title='bbox 547 3065 647 3124; x_wconf 74' lang='lat' dir='ltr'>loyulty</span> <span class='ocrx_word' id='word_1_187' title='bbox 659 3069 685 3112; x_wconf 80' lang='lat' dir='ltr'>to</span> <span class='ocrx_word' id='word_1_188' title='bbox 698 3062 891 3112; x_wconf 80' lang='lat' dir='ltr'>Artemidorus.</span> 
     </span>
    </p>
   </div>
   <div class='ocr_carea' id='block_1_6' title="bbox 112 3215 1197 3821">
    <p class='ocr_par' dir='ltr' id='par_1_10' title="bbox 160 3215 1197 3609">
     <span class='ocr_line' id='line_1_25' title="bbox 201 3215 1197 3291; baseline -0.007 -14"><span class='ocrx_word' id='word_1_189' title='bbox 201 3219 261 3279; x_wconf 89' lang='lat' dir='ltr'>Est</span> <span class='ocrx_word' id='word_1_190' title='bbox 277 3218 403 3277; x_wconf 92' lang='lat' dir='ltr'>omnino</span> <span class='ocrx_word' id='word_1_191' title='bbox 422 3216 614 3276; x_wconf 86' lang='lat' dir='ltr'>Artemidori</span> <span class='ocrx_word' id='word_1_192' title='bbox 633 3217 731 3276; x_wconf 87' lang='lat' dir='ltr'>nostri</span> <span class='ocrx_word' id='word_1_193' title='bbox 753 3222 816 3275; x_wconf 90' lang='lat' dir='ltr'>tam</span> <span class='ocrx_word' id='word_1_194' title='bbox 839 3215 974 3291; x_wconf 87' lang='lat' dir='ltr'>benigna</span> <span class='ocrx_word' id='word_1_195' title='bbox 994 3220 1107 3275; x_wconf 89' lang='lat' dir='ltr'>natura</span> <span class='ocrx_word' id='word_1_196' title='bbox 1127 3220 1164 3275; x_wconf 90' lang='lat' dir='ltr'>ut</span> <span class='ocrx_word' id='word_1_197' title='bbox 1184 3225 1197 3270; x_wconf 89' lang='lat'>1</span> 
     </span>
     <span class='ocr_line' id='line_1_26' title="bbox 161 3320 1162 3382; baseline -0.004 0"><span class='ocrx_word' id='word_1_198' title='bbox 161 3323 262 3382; x_wconf 90' lang='lat' dir='ltr'>officia</span> <span class='ocrx_word' id='word_1_199' title='bbox 282 3323 449 3382; x_wconf 89' lang='lat' dir='ltr'>amicorum</span> <span class='ocrx_word' id='word_1_200' title='bbox 473 3322 506 3380; x_wconf 91' lang='lat' dir='ltr'>in</span> <span class='ocrx_word' id='word_1_201' title='bbox 527 3322 627 3381; x_wconf 90' lang='lat' dir='ltr'>maius</span> <span class='ocrx_word' id='word_1_202' title='bbox 652 3321 801 3381; x_wconf 86' lang='lat' dir='ltr'>extollat:</span> <span class='ocrx_word' id='word_1_203' title='bbox 834 3321 908 3380; x_wconf 91' lang='lat' dir='ltr'>inde</span> <span class='ocrx_word' id='word_1_204' title='bbox 936 3320 1030 3378; x_wconf 91' lang='lat' dir='ltr'>etiam</span> <span class='ocrx_word' id='word_1_205' title='bbox 1059 3339 1162 3378; x_wconf 90' lang='lat' dir='ltr'>meum</span> 
     </span>
     <span class='ocr_line' id='line_1_27' title="bbox 160 3424 1164 3505; baseline -0.004 -19"><span class='ocrx_word' id='word_1_206' title='bbox 160 3427 305 3486; x_wconf 89' lang='lat' dir='ltr'>meritum</span> <span class='ocrx_word' id='word_1_207' title='bbox 322 3434 358 3487; x_wconf 93' lang='lat' dir='ltr'>ut</span> <span class='ocrx_word' id='word_1_208' title='bbox 369 3446 442 3487; x_wconf 89' lang='lat' dir='ltr'>vera</span> <span class='ocrx_word' id='word_1_209' title='bbox 456 3427 502 3486; x_wconf 91' lang='lat' dir='ltr'>ita</span> <span class='ocrx_word' id='word_1_210' title='bbox 516 3445 610 3505; x_wconf 91' lang='lat' dir='ltr'>supra</span> <span class='ocrx_word' id='word_1_211' title='bbox 629 3427 774 3485; x_wconf 90' lang='lat' dir='ltr'>meritum</span> <span class='ocrx_word' id='word_1_212' title='bbox 790 3425 1021 3503; x_wconf 91' lang='lat' dir='ltr'>praedicatione</span> <span class='ocrx_word' id='word_1_213' title='bbox 1036 3424 1164 3483; x_wconf 90' lang='lat' dir='ltr'>circum-</span> 
     </span>
     <span class='ocr_line' id='line_1_28' title="bbox 161 3529 1197 3609; baseline -0.005 -17"><span class='ocrx_word' id='word_1_214' title='bbox 161 3534 233 3592; x_wconf 83' lang='lat' dir='ltr'>fert.</span> <span class='ocrx_word' id='word_1_215' title='bbox 276 3533 441 3609; x_wconf 89' lang='lat' dir='ltr'>Equidem,</span> <span class='ocrx_word' id='word_1_216' title='bbox 457 3551 527 3590; x_wconf 93' lang='lat' dir='ltr'>cum</span> <span class='ocrx_word' id='word_1_217' title='bbox 542 3537 646 3592; x_wconf 86' lang='lat' dir='ltr'>essent</span> <span class='ocrx_word' id='word_1_218' title='bbox 660 3531 840 3609; x_wconf 92' lang='lat' dir='ltr'>philosophi</span> <span class='ocrx_word' id='word_1_219' title='bbox 855 3531 894 3590; x_wconf 93' lang='lat' dir='ltr'>ab</span> <span class='ocrx_word' id='word_1_220' title='bbox 909 3530 984 3589; x_wconf 93' lang='lat' dir='ltr'>urbe</span> <span class='ocrx_word' id='word_1_221' title='bbox 1004 3529 1161 3603; x_wconf 85' lang='lat' dir='ltr'>summoti,</span> <span class='ocrx_word' id='word_1_222' title='bbox 1183 3533 1197 3577; x_wconf 86' lang='lat'><strong>2</strong></span> 
     </span>
    </p>

    <p class='ocr_par' dir='ltr' id='par_1_11' title="bbox 112 3633 1165 3821">
     <span class='ocr_line' id='line_1_29' title="bbox 112 3633 1163 3715; baseline -0.001 -21"><span class='ocrx_word' id='word_1_223' title='bbox 112 3648 141 3694; x_wconf 77' lang='lat' dir='ltr'>ao</span> <span class='ocrx_word' id='word_1_224' title='bbox 161 3639 208 3697; x_wconf 86' lang='lat' dir='ltr'>fui</span> <span class='ocrx_word' id='word_1_225' title='bbox 230 3638 314 3715; x_wconf 92' lang='lat' dir='ltr'>apud</span> <span class='ocrx_word' id='word_1_226' title='bbox 335 3637 426 3696; x_wconf 91' lang='lat' dir='ltr'>illum</span> <span class='ocrx_word' id='word_1_227' title='bbox 448 3637 481 3694; x_wconf 93' lang='lat' dir='ltr'>in</span> <span class='ocrx_word' id='word_1_228' title='bbox 503 3637 688 3711; x_wconf 89' lang='lat' dir='ltr'>suburban0,</span> <span class='ocrx_word' id='word_1_229' title='bbox 707 3642 738 3695; x_wconf 90' lang='lat' dir='ltr'>et</span> <span class='ocrx_word' id='word_1_230' title='bbox 756 3655 817 3713; x_wconf 92' lang='lat' dir='ltr'>quo</span> <span class='ocrx_word' id='word_1_231' title='bbox 839 3634 1017 3708; x_wconf 90' lang='lat' dir='ltr'>notabilius,</span> <span class='ocrx_word' id='word_1_232' title='bbox 1035 3633 1093 3693; x_wconf 89' lang='lat' dir='ltr'>hoc</span> <span class='ocrx_word' id='word_1_233' title='bbox 1115 3640 1163 3694; x_wconf 91' lang='lat' dir='ltr'>est</span> 
     </span>
     <span class='ocr_line' id='line_1_30' title="bbox 161 3739 1165 3821; baseline -0.004 -19"><span class='ocrx_word' id='word_1_234' title='bbox 161 3743 367 3821; x_wconf 90' lang='lat' dir='ltr'>periculosius</span> <span class='ocrx_word' id='word_1_235' title='bbox 395 3747 486 3814; x_wconf 87' lang='lat' dir='ltr'>esset,</span> <span class='ocrx_word' id='word_1_236' title='bbox 508 3741 557 3800; x_wconf 87' lang='lat' dir='ltr'>fui</span> <span class='ocrx_word' id='word_1_237' title='bbox 585 3747 716 3818; x_wconf 88' lang='lat' dir='ltr'>praetor.</span> <span class='ocrx_word' id='word_1_238' title='bbox 770 3740 938 3800; x_wconf 88' lang='lat' dir='ltr'>Pecuniam</span> <span class='ocrx_word' id='word_1_239' title='bbox 968 3739 1072 3813; x_wconf 87' lang='lat' dir='ltr'>etiarn,</span> <span class='ocrx_word' id='word_1_240' title='bbox 1101 3757 1165 3816; x_wconf 91' lang='lat' dir='ltr'>qua</span> 
     </span>
    </p>
   </div>
   <div class='ocr_carea' id='block_1_7' title="bbox 0 0 1408 4164">
    <p class='ocr_par' dir='ltr' id='par_1_12' title="bbox 0 0 1408 4164">
     <span class='ocr_line' id='line_1_31' title="bbox 0 0 1408 4164; baseline 0 0"><span class='ocrx_word' id='word_1_241' title='bbox 0 0 1408 4164; x_wconf 95' lang='lat' dir='ltr'> </span> 
     </span>
    </p>
   </div>
  </div>
 </body>
</html>
