2782 4164
216 267 258 333 54
638 281 669 334 c.
692 282 792 334 nunu

214 450 291 511 Fuit
316 450 413 511 moris
435 451 559 530 antiqui
585 472 636 514 eos
661 454 717 531 qui
742 453 792 514 vel
818 454 1010 530 singulorum
1038 452 1148 513 laudes
1169 451 1256 512 ve13

90 596 94 605 =
214 555 339 616 urbium
360 556 551 634 scripserant
570 565 627 617 aut
648 558 819 620 honoribus
847 565 902 623 aut
930 558 1063 636 pecunia
1089 575 1218 632 ornare;

213 661 330 722 nostris
351 680 425 722 vero
445 663 639 741 temporibus
664 670 699 723 ut
724 663 788 725 alia
812 665 952 742 speciosa
972 670 1004 723 et
1025 663 1151 740 egregia
1173 663 1220 722 ita

213 765 272 825 hoc
286 765 320 825 in
334 766 444 844 primis
460 768 606 828 exolevit.
648 769 732 829 Nam
754 775 921 847 postquam
943 768 1094 830 desiimus
1114 768 1219 828 facere

178 870 380 947 plaudenda,
409 871 531 932 laudari
559 893 683 951 quoque
711 874 853 952 ineptum
882 881 1038 952 putamus.
1089 873 1254 944 Quaeriss

213 978 269 1054 qui
290 978 355 1039 sint
371 979 519 1040 versiculi
541 979 654 1057 quibus
678 979 810 1055 gratiam
832 979 968 1039 rettuli?
1010 977 1219 1038 Remitterem

213 1087 245 1142 te
266 1083 307 1142 ed
327 1083 432 1161 ipsum
447 1084 602 1159 volumen,
623 1084 685 1145 nisi
708 1085 859 1162 quosdam
873 1090 1029 1144 tenerem:
1052 1092 1097 1159 tu,
1112 1083 1140 1144 si
1154 1083 1220 1161 pla-

213 1188 336 1248 cuerint
349 1188 392 1264 hi,
407 1195 526 1249 ceteros
541 1188 575 1248 in
589 1188 670 1249 libro
685 1190 832 1267 requires.
875 1189 1069 1266 Adloquitur
1083 1189 1218 1263 Musam,
1239 1203 1254 1248 5

213 1293 342 1354 mandat
361 1299 399 1354 nt
419 1295 545 1354 domum
567 1313 668 1355 meam
688 1294 842 1372 Esquiliis
864 1300 1003 1373 quaerat,
1022 1295 1116 1354 edeet
1136 1311 1220 1353 reve

165 1408 195 1455 ιο
213 1405 334 1459 renter:

408 1479 471 1538 Sed
482 1498 522 1539 ne
536 1486 675 1558 tempore
689 1499 752 1540 non
766 1488 821 1539 tuo
836 1480 987 1540 disertam

412 1583 519 1662 pulses
534 1584 622 1644 ebrie
634 1585 759 1645 ianuam
774 1585 896 1645 videto:

412 1694 496 1749 totos
509 1689 566 1749 dat
580 1689 708 1749 tetricae
723 1689 790 1749 dies
804 1690 976 1765 Minervae,

413 1793 489 1853 dum
503 1799 627 1853 centum
642 1794 748 1853 studet
761 1794 888 1854 auribus
903 1794 1041 1853 virorum

412 1897 471 1957 hoc
485 1898 569 1977 quod
584 1898 708 1958 saecula
721 1899 900 1976 posterique
915 1898 1037 1975 possint

412 2001 545 2080 Arpinis
559 2021 682 2080 quoque
696 2021 874 2080 comparare
888 2001 1015 2063 chartis.

413 2125 498 2168 seras
513 2107 612 2167 tutior
626 2107 687 2167 ibis
701 2107 741 2166 ad
755 2107 914 2168 lucernas:

413 2211 491 2272 haec
504 2212 582 2272 hora
595 2218 644 2272 est
657 2217 721 2287 tua,
736 2230 806 2271 cum
820 2213 901 2272 furit
914 2213 1048 2290 Lyaeus,
1061 2199 1068 2214 ”

413 2335 484 2377 cum
498 2324 609 2394 regnat
623 2336 702 2394 rosa,
716 2336 787 2377 cum
801 2318 929 2376 madent
943 2317 1067 2394 capilli:

163 2439 194 2487 no
412 2427 488 2482 tunc
502 2441 551 2482 me
566 2421 617 2482 vel
631 2421 726 2498 rigidi
739 2422 847 2498 legent
861 2422 1003 2482 Catones.

213 2585 369 2646 Meritone
384 2605 455 2646 eum
469 2587 524 2665 qui
538 2587 615 2646 haec
631 2588 668 2646 de
683 2605 732 2646 me
748 2586 874 2664 scripsit
888 2591 920 2645 et
934 2591 1010 2646 tunc
1024 2585 1132 2647 dimisi
1144 2587 1218 2647 ami·
1237 2595 1253 2640 6

212 2691 337 2753 cissime
357 2697 390 2751 et
405 2711 488 2751 nnnc
509 2697 546 2751 ut
566 2691 789 2752 amicissimum
804 2691 988 2750 defunctum
1009 2710 1078 2752 esse
1099 2692 1216 2752 doleo?

213 2796 311 2856 Dedit
339 2796 420 2855 enim
450 2796 529 2854 mihi
557 2802 709 2872 quantum
736 2796 908 2855 maximum
942 2795 1055 2872 potuit,
1084 2797 1217 2857 daturus

212 2901 357 2978 amplius,
373 2900 400 2960 si
417 2900 579 2978 potuisset.
623 2901 762 2960 Tametsi
784 2900 861 2977 quid
881 2900 1001 2959 homini
1022 2906 1127 2978 potest
1148 2902 1218 2962 dari

163 3020 192 3066 ro
212 3005 313 3066 maius
335 3025 429 3083 quam
444 3004 544 3080 gloria
558 3011 591 3064 et
604 3004 674 3065 laus
689 3010 721 3064 et
735 3005 931 3065 aeternitas?
973 3005 1018 3065 At
1038 3025 1102 3065 non
1123 3012 1218 3067 erunt

213 3117 341 3170 aeterna
367 3128 448 3188 quae
476 3109 618 3187 scripsit:
648 3129 710 3169 non
734 3116 827 3168 erunt
854 3111 997 3185 fortasse,
1025 3110 1081 3170 ille
1108 3116 1216 3172 tamen

213 3215 340 3293 scripsit
354 3222 514 3292 tamquam
529 3220 635 3274 essent
648 3215 764 3274 futura
805 3213 893 3274 Vale.
