2782 4164
499 313 762 366 mammarum
784 312 848 364 vn
870 312 909 364 ιι.
1163 303 1204 367 93

201 485 378 548 reverentia
391 485 499 564 diligo,
513 486 648 566 primum
670 492 707 546 ut
727 503 863 547 sororem
881 483 997 546 Corelli
1018 483 1101 561 Rufi,
1116 484 1205 546 cuius

201 590 281 652 mihi
307 592 458 652 memoria
485 596 683 653 sacrosancta
708 596 766 665 est,
792 590 906 650 deinde
933 595 970 650 ut
997 591 1091 650 matri
1118 608 1205 652 meae

165 695 492 759 rfamiliarissimam.
534 697 615 758 Sunt
635 696 713 756 mihi
735 702 859 756 etcum
881 696 994 757 marito
1015 696 1091 771 eius,
1113 695 1206 755 Mini-

202 801 251 862 cio
270 802 370 877 Iusto,
385 803 504 881 optimo
525 802 602 877 viro,
617 808 725 862 vetera
739 802 823 879 iura3
845 802 976 861 fuerunt
996 807 1028 861 et
1048 819 1119 861 cum
1138 800 1205 860 filio

201 906 347 983 maxima,
366 907 444 968 adeo
462 906 589 985 quidem
606 911 643 967 ut
663 912 805 985 praetore
824 925 874 966 me
892 905 977 967 ludis
995 905 1072 966 meis
1087 916 1239 983 praese-o

165 1024 181 1071 c
202 1012 292 1073 derit
335 1013 433 1088 Haec,
443 1030 515 1072 cum
529 1012 670 1091 proxime
681 1011 754 1072 istic
768 1011 826 1086 fui,
835 1011 989 1071 indicarit
1002 1010 1082 1070 mihi
1093 1029 1205 1088 cupere

202 1135 236 1178 se
250 1116 372 1195 aliquid
388 1117 472 1178 circa
490 1116 620 1177 Larium
638 1122 780 1177 nostrum
801 1116 969 1195 possidere.
1012 1117 1079 1192 Ego
1098 1115 1147 1175 illi
1165 1134 1205 1175 ex

202 1223 340 1301 praediis
359 1223 437 1284 meis
452 1223 536 1301 quod
550 1223 647 1283 vellet
660 1228 693 1282 et
707 1223 818 1301 quanti
831 1221 929 1282 vellet
943 1221 1053 1296 obtuli,
1065 1221 1205 1298 exceptis

202 1328 352 1389 maternis
361 1328 581 1406 paternisque:
597 1327 648 1387 his
656 1327 740 1387 enim
749 1327 858 1387 cedere
867 1345 906 1387 ne
916 1325 1067 1388 Corelliae
1079 1326 1205 1405 quidem

165 1459 184 1505 ο
201 1451 337 1512 possum
381 1433 485 1510 Igitur
505 1452 575 1493 cum
596 1433 776 1494 obvenisset
800 1432 880 1492 mihi
907 1430 1066 1492 hereditas
1087 1431 1122 1491 in
1142 1445 1252 1509 qua1c

202 1538 333 1618 praedia
358 1538 430 1614 ista,
455 1538 568 1616 scripsi
590 1538 619 1597 ei
641 1537 767 1598 venalia
790 1538 907 1597 futura.
957 1538 1027 1597 Has
1051 1536 1205 1615 epistulas

202 1644 337 1706 Hermes
351 1643 428 1704 tulit
442 1643 642 1720 exigentique
659 1648 696 1702 ut
712 1642 821 1703 statim
835 1642 1009 1720 portionem
1027 1660 1127 1702 meam
1143 1641 1204 1702 sibi

202 1748 362 1809 addiceret
388 1748 504 1827 paruit.
559 1748 656 1808 Vides
681 1766 776 1825 quam
802 1753 905 1808 ratum
933 1747 1063 1808 debeam
1089 1746 1204 1807 habere

166 1854 286 1933 ‘equod
306 1853 438 1914 libertus
460 1871 548 1913 meus
569 1852 647 1913 meis
669 1851 809 1913 moribus
830 1851 954 1928 gessit?
997 1851 1146 1930 Superest
1167 1857 1204 1911 ut

201 1958 368 2019 coheredes
389 1976 488 2035 aequo
509 1957 612 2017 animo
632 1958 738 2016 ferant
758 1957 928 2034 separatim
951 1975 1000 2016 me
1022 1955 1202 2017 vendidisse
1223 1973 1251 2019 ιιι

201 2063 286 2140 quod
305 2063 386 2122 mihi
406 2062 497 2122 licuit
514 2061 640 2121 omuino
660 2080 724 2121 non
737 2061 880 2121 vendere.
923 2061 955 2120 N
957 2079 991 2120 ec
1006 2079 1078 2120 vero
1092 2079 1203 2138 cogun-

166 2181 182 2228 8
201 2173 254 2228 tur
267 2167 387 2228 imitari
401 2186 504 2226 meum
518 2166 705 2245 exemplum.
747 2167 821 2226 Non
832 2165 916 2225 enim
929 2165 994 2226 illis
1009 2166 1116 2225 eadem
1131 2183 1202 2225 curn

202 2272 338 2334 Corellia
352 2272 429 2332 iura.
471 2272 610 2332 Possunt
623 2289 696 2347 ergo
715 2269 832 2330 intueri
846 2270 1018 2330 utilitatem
1033 2288 1130 2344 suam,
1145 2288 1202 2348 pro

202 2396 264 2456 qua
278 2377 357 2437 mihi
370 2376 435 2436 fuit
448 2376 595 2437 amicitia.
636 2376 725 2436 Vale.

605 2580 658 2642 rr.
677 2576 794 2659 (xm)

399 2733 429 2785 O.
451 2732 596 2784 PLINIUS
619 2732 828 2784 conaLLIAn
852 2731 947 2783 SUAE
970 2729 998 2784 S.

409 2875 528 2926 Corellio
539 2877 564 2924 ia
575 2876 708 2925 reluctant
719 2881 746 2925 to
759 2880 846 2937 accept
858 2874 900 2924 tte
906 2875 996 2936 favor.

167 3040 181 3086 1
240 3016 290 3075 Tu
303 3014 430 3092 quidem
444 3013 673 3089 honestissime,
689 3015 772 3091 quod
786 3019 851 3073 tam
866 3013 997 3090 inpense
1015 3018 1047 3073 et
1063 3030 1154 3088 rogas
1168 3018 1201 3073 et
1219 3028 1249 3074 ac

200 3120 301 3196 exigis
322 3125 359 3180 ut
380 3119 478 3196 accipi
500 3119 623 3179 iubeam
647 3137 666 3178 a
686 3124 718 3178 te
741 3118 877 3197 pretium
902 3136 1045 3193 agrorum
1070 3136 1133 3177 non
1161 3136 1200 3177 ex

201 3225 408 3304 septingentis
430 3223 567 3298 milibus,
586 3222 696 3301 quanti
717 3223 790 3284 illos
811 3242 830 3282 a
850 3222 963 3283 liberto
984 3240 1061 3296 meo,
1084 3222 1139 3282 sed
1160 3240 1199 3281 ex

199 3329 375 3407 nongentis,
391 3329 501 3407 quanti
520 3347 538 3388 a
554 3328 730 3407 publicanis
747 3333 866 3406 partem
884 3325 1063 3386 vicesimam
1084 3325 1198 3386 emisti.

164 3446 180 3492 a
199 3435 340 3494 Invicem
354 3453 410 3510 ego
424 3439 456 3493 et
469 3452 543 3510 rogo
557 3437 590 3492 et
603 3432 695 3509 exigo
708 3438 745 3519 ut
758 3451 821 3491 non
832 3431 932 3492 solum
946 3430 1024 3509 quid
1037 3436 1078 3507 te,
1090 3449 1199 3490 verum

199 3540 293 3600 etiam
316 3539 393 3617 quid
420 3556 469 3597 me
494 3539 603 3597 deceat
629 3537 764 3616 aspicias
790 3536 983 3614 patiarisque
1005 3554 1055 3595 me
1080 3536 1114 3594 in
1140 3535 1199 3596 hoc
1217 3555 1246 3601 rs

197 3664 259 3704 uno
273 3644 334 3705 tibi
350 3643 458 3703 eodem
477 3643 582 3703 animo
596 3660 769 3720 repugnare
787 3660 848 3721 quc
862 3641 897 3700 in
911 3640 1054 3701 omnibus
1069 3640 1198 3718 obsequi
1271 3653 1274 3661 ’

197 3749 289 3812 soleo.
331 3748 419 3810 Vale.
