2782 4164
491 295 755 347 nrrsronaeuu
778 295 828 345 v1.
846 294 871 348 e.
1140 278 1182 344 79

179 467 361 530 memineris
381 466 593 529 commendari
612 467 673 528 tibi
691 486 711 527 a
728 485 778 527 me
795 486 858 527 non
872 468 996 529 arbores
1011 471 1043 526 et
1056 471 1182 539 terram,

180 591 370 652 quamquam
390 573 468 633 haec
489 591 621 651 quoque,
639 572 695 633 sed
716 571 937 632 munusculum
957 590 1077 646 meum3
1099 568 1183 647 quod

180 697 249 740 esse
259 696 354 756 quam
364 678 654 738 fructuosissimum
668 696 731 738 non
745 677 833 737 illius
847 675 947 754 magis
961 674 1093 736 interest
1103 691 1183 753 quae

180 782 302 861 accepit
316 801 410 861 quam
425 800 495 842 mea
509 782 564 860 qui
578 782 659 842 dedi.
702 780 789 843 Vale.

599 1003 652 1064 es
682 999 766 1082 (lv.)

368 1146 400 1200 C.
420 1146 566 1198 PLINIUS
589 1146 826 1197 CALPURNIAE
851 1146 947 1197 SUAE
970 1144 996 1196 S.

501 1281 592 1332 Leuce
602 1287 629 1331 to
642 1281 684 1331 bis
695 1281 789 1332 absent
799 1281 867 1344 wife.

147 1431 162 1477 1
222 1414 403 1491 Numquam
419 1432 487 1474 sum
502 1411 602 1488 magis
617 1413 656 1472 de
671 1412 926 1489 occupationibus
945 1410 1023 1472 meis
1045 1416 1184 1489 questus,
1206 1421 1221 1467 o

183 1537 262 1596 quae
277 1536 326 1577 me
340 1537 403 1577 non
417 1523 491 1578 sunt
507 1535 616 1594 passae
628 1523 682 1577 aut
693 1517 940 1594 proficiscentem
952 1521 984 1575 te
996 1515 1186 1576 valetudinis

182 1642 277 1684 causa
297 1622 332 1681 in
352 1623 556 1700 Campaniam
578 1621 725 1699 prosequi
746 1628 801 1682 aut
822 1621 995 1699 profectam
1017 1620 1186 1696 evestigio

147 1745 163 1790 a
183 1728 339 1807 subsequi.
381 1729 413 1787 N
416 1746 476 1787 unc
490 1727 574 1787 enim
589 1727 754 1805 praecipue
774 1727 866 1786 simul
882 1745 950 1787 esse
964 1726 1136 1803 cupiebam,
1151 1732 1187 1786 ut

184 1833 284 1894 oculis
297 1833 375 1894 meis
391 1833 548 1892 crederem
563 1833 640 1909 quid
653 1832 783 1907 viribus,
799 1832 876 1909 quid
895 1831 1077 1909 corpusculo
1096 1831 1187 1909 adpa-

184 1957 278 2014 rares‚
307 1937 419 2016 ecquid
447 1937 581 2015 denique
610 1956 749 1997 secessus
777 1937 956 2015 voluptates
988 1936 1186 2014 regionisque
1208 1947 1235 1993 1⁰

149 2043 408 2104 3abuudantiam
436 2042 591 2103 inoffensa
617 2042 856 2102 transmitteres.
907 2041 1063 2119 Equidem
1091 2040 1187 2100 etiam

184 2148 299 2208 fortem
313 2162 345 2208 te
360 2167 422 2206 non
434 2147 501 2207 sine
512 2165 586 2206 cura
596 2146 823 2222 desiderarem3
846 2152 894 2207 est
906 2147 989 2205 enim
1001 2165 1186 2223 suspensum

184 2258 217 2312 et
241 2252 368 2312 anxium
393 2252 431 2310 de
456 2269 492 2310 eo
516 2270 610 2329 quem
638 2251 857 2311 ardentissime
885 2251 999 2326 diligas
1028 2250 1187 2311 interdum

149 2371 165 2417 4
185 2356 265 2416 nihil
280 2356 375 2417 scire:
398 2375 480 2416 nunc
493 2375 568 2416 vero
582 2375 631 2415 me
645 2375 716 2415 cum
731 2356 890 2416 absentiae
909 2362 977 2415 tum
992 2356 1187 2416 infirmitatis

185 2467 257 2522 tuae
271 2460 353 2522 ratio
366 2462 486 2521 incerta
499 2465 531 2521 et
544 2461 634 2521 varia
651 2460 864 2521 sollicitudine
883 2467 1028 2520 exterret.
1071 2461 1187 2520 Vereor
1208 2474 1236 2519 15

185 2566 299 2642 omnia,
313 2565 467 2642 imaginor
486 2565 600 2640 omnia,
618 2585 758 2642 quaeque
779 2572 893 2625 natura
913 2571 1105 2625 metuentum
1129 2571 1186 2640 est,

150 2688 165 2734 5
185 2689 222 2731 ea
242 2670 378 2730 maxime
398 2670 476 2729 mihi
498 2688 578 2748 quae
598 2669 733 2729 maxime
753 2670 914 2729 abominor
927 2670 1019 2745 fingo.
1062 2671 1129 2740 Quo
1143 2670 1188 2728 in-

185 2774 314 2853 pensius
328 2793 402 2850 rogo
416 2780 452 2834 ut
465 2774 571 2834 timori
586 2793 654 2833 meo
665 2774 780 2833 cotidie
792 2774 925 2850 singulis
939 2775 987 2833 vel
999 2775 1093 2833 etiam
1104 2774 1187 2834 binis

186 2878 331 2957 epistulis
346 2878 498 2939 consulas
540 2880 604 2937 Ero
618 2879 702 2937 enim
724 2879 869 2954 securior,
885 2879 958 2938 dum
974 2878 1054 2955 lego,
1069 2879 1188 2938 statim-

185 3001 246 3061 que
260 2983 385 3059 timebo,
400 3002 471 3043 cnm
484 2983 597 3058 legero.
640 2983 727 3044 Vale.
1207 2996 1236 3040 ao

603 3203 656 3264 ee
684 3200 768 3283 (vr.)

415 3349 445 3399 C.
471 3347 616 3398 PLINIUS
638 3347 813 3398 FUNDANO
836 3346 904 3398 SUO
927 3347 956 3399 S.

252 3481 404 3532 Fundanus
417 3484 440 3531 is
451 3481 533 3531 aseae
544 3486 570 3530 to
577 3481 660 3544 sotor·
671 3480 713 3531 the
725 3481 871 3542 candidata
883 3481 916 3544 os
927 3479 1023 3531 Julius
1036 3480 1118 3532 Naso.

151 3635 165 3680 1
227 3613 261 3674 Si
283 3613 416 3690 quando,
431 3631 514 3672 nunc
535 3588 701 3690 praecipue
720 3630 865 3689 cuperem
884 3629 953 3673 esse
966 3616 999 3670 te
1014 3613 1140 3686 Romae,
1156 3616 1187 3671 et

186 3717 231 3778 sis
252 3736 333 3793 rogo.
377 3716 464 3794 Opus
478 3723 526 3777 est
540 3715 619 3775 mihi
634 3715 701 3777 voti
718 3716 834 3777 laboris
854 3715 1077 3778 sollicitudinis
1095 3716 1185 3777 socio.
