2782 4164
493 292 755 345 nrrsrunnnuu
778 294 815 346 n
836 295 859 346 1.
1136 271 1177 336 21

176 463 272 524 etiam
287 463 356 523 foro
370 469 402 523 et
416 464 525 524 rostris
540 465 723 525 attulerunt.
766 465 927 526 Laudatus
948 471 996 525 est
1016 483 1036 525 a
1052 464 1179 526 consule

177 568 322 629 Cornelio
336 568 460 628 Tacito:
483 588 555 629 narn
570 569 621 629 hic
637 589 799 648 supremus
818 569 966 630 felicitati
988 569 1055 630 eius
1076 588 1180 629 cumu-

140 686 154 732 t
175 673 225 733 lus
250 674 391 749 accessit,
412 674 557 734 laudator
585 674 867 752 eloquentissimus.
911 676 954 734 Et
974 672 1030 734 ille
1051 674 1178 751 quidem

176 777 287 857 plenus
305 759 407 840 'annis
435 778 523 854 abiit,
545 779 657 857 plenus
685 779 865 855 honoribus,
887 779 952 839 illis
980 779 1076 840 etiam
1101 799 1178 858 quos

176 883 348 944 recusavit:
374 883 464 944 nobis
484 890 591 944 tamen
612 885 807 962 quaerendus
828 903 864 945 ac
886 884 1109 945 desiderandus
1130 890 1213 945 este

175 994 212 1048 ut
232 988 393 1067 exemplar
413 989 482 1048 aevi
503 989 626 1066 prioris,
642 989 720 1049 mihi
735 1007 808 1048 vero
823 989 998 1067 praecipue,
1013 990 1068 1067 qui
1087 989 1178 1048 illum

175 1112 238 1152 non
253 1093 354 1154 solum
368 1093 492 1172 publice
502 1099 655 1172 quantum
669 1094 845 1155 admirabar
856 1099 980 1154 tantum
992 1094 1177 1170 diligebam

140 1197 312 1276 eprimum
333 1198 417 1277 quod
443 1199 568 1276 utrique
593 1200 701 1259 eadem
724 1199 817 1275 regio,
839 1198 1012 1276 municipia
1031 1198 1177 1274 finitima,

176 1302 244 1380 agri
272 1303 367 1363 etiam
395 1303 668 1381 possessionesque
696 1303 890 1379 coniunctae,
911 1309 1073 1382 praeterea
1095 1304 1178 1382 quod

176 1407 231 1467 ille
245 1407 323 1466 mihi
340 1413 426 1468 tutor
440 1408 568 1487 relictus
590 1408 749 1468 adfectum
770 1409 910 1486 parentis
932 1408 1083 1469 exhibuit.
1127 1409 1179 1468 Sic
1199 1423 1227 1470 10

176 1511 378 1572 candidatum
399 1531 449 1573 me
470 1513 620 1589 suffragio
642 1513 773 1588 ornavit,
791 1514 835 1573 sic
857 1513 898 1573 ad
918 1532 1024 1573 omnes
1045 1513 1178 1573 honores

175 1635 260 1679 meos
274 1635 314 1678 ex
328 1617 501 1679 secessibus
521 1618 703 1693 accucurrit,
719 1637 789 1678 cum
804 1619 865 1678 iam
882 1619 1003 1695 pridem
1025 1618 1178 1678 eiusmodi

175 1721 285 1783 officiis
312 1722 533 1798 renuntiasset,
556 1722 600 1783 sic
628 1723 684 1783 illo
712 1723 846 1800 dieque
874 1723 1048 1782 sacerdotes
1077 1723 1179 1782 solent

175 1826 337 1887 nominare
354 1846 431 1904 quos
453 1827 653 1903 dignissimos
676 1827 849 1888 sacerdotio
870 1826 1012 1887 iudicant
1032 1846 1081 1886 me
1103 1846 1179 1887 sem-

139 1945 157 1992 c
175 1951 233 2010 per
245 1932 434 1993 nominabat.
478 1933 561 2004 Quin
583 1933 678 1993 etiam
693 1932 726 1992 in
740 1933 798 1992 hac
813 1932 985 1993 novissima
998 1931 1178 1992 valetudine
1199 1945 1227 1991 15

176 2037 295 2098 veritus
316 2056 356 2097 ne
377 2037 460 2098 forte
482 2037 564 2098 inter
586 2037 809 2116 quinqueviros
830 2043 996 2112 crearetur,
1012 2037 1066 2114 qui
1081 2038 1179 2096 minu·

176 2142 268 2202 endis
282 2142 417 2221 publicis
429 2142 610 2220 'sumptibus
626 2142 742 2202 iudicio
757 2147 883 2203 senatus
898 2142 1177 2216 constituebantur,

175 2265 247 2307 curn
275 2247 324 2306 illi
344 2252 393 2307 tot
414 2247 507 2308 amici
528 2266 616 2307 senes
638 2247 878 2324 consularesque
900 2251 1107 2324 superessent,
1130 2265 1179 2306 me

175 2350 270 2413 huius
299 2351 412 2412 aetatis
440 2371 495 2430 per
519 2371 611 2430 quern
633 2357 832 2412 excusaretur
853 2351 958 2428 elegit,
979 2351 1030 2412 his
1052 2351 1178 2428 quidem

125 2456 281 2517 revertis
297 2462 305 2493 ‘
313 2457 410 2517 etiam
424 2457 452 2517 si
466 2456 566 2516 filium
581 2457 737 2532 haberem,
752 2456 811 2517 tibi
826 2456 1025 2516 mandarem!
1059 2456 1178 2526 Quibus
1199 2466 1229 2511 20

176 2578 217 2621 ex
230 2561 332 2623 causis
347 2580 473 2622 necesse
492 2568 540 2622 est
555 2567 716 2639 tamquam
737 2561 937 2620 immaturam
958 2566 1090 2620 mortem
1112 2561 1178 2620 eius

176 2665 212 2726 in
226 2666 299 2727 sinu
312 2672 366 2727 tuo
380 2665 527 2742 defleam3
545 2665 572 2726 si
586 2672 692 2726 tamen
706 2667 756 2726 fas
771 2672 820 2726 est
834 2671 888 2725 aut
902 2665 976 2725 flere
987 2671 1042 2725 aut
1053 2664 1179 2724 omnino

177 2777 309 2831 mortem
332 2790 453 2847 vocare,
475 2791 538 2850 qua
564 2771 647 2831 tanti
668 2771 730 2830 viri
758 2771 933 2830 mortalitas
961 2771 1061 2846 magis
1088 2770 1180 2831 finita

127 2895 156 2941 11
178 2895 271 2953 quam
287 2876 353 2937 vita
368 2881 424 2937 est.
467 2877 557 2937 Vivit
571 2876 654 2935 enim
669 2877 817 2953 vivetque
833 2894 955 2953 semper
969 2882 1062 2952 atque
1084 2874 1178 2934 etiam

178 2980 275 3041 latius
289 2980 323 3039 in
337 2981 486 3041 memoria
506 2981 669 3041 hominum
691 2987 722 3040 et
744 2999 883 3040 sermone
898 2980 1083 3055 versabitur,
1098 2984 1180 3057 post
1200 2993 1230 3039 25

127 3097 158 3144 12
179 3103 273 3163 quarn
287 3085 327 3146 ab
340 3087 439 3147 oculis
454 3086 590 3146 recessit.
633 3085 728 3145 Volui
750 3085 809 3146 tibi
830 3085 931 3144 multa
952 3084 1015 3144 alia
1036 3085 1179 3165 scribere,

179 3190 235 3251 sed
249 3195 335 3251 totus
349 3191 472 3251 animus
486 3190 518 3250 in
533 3191 592 3250 hac
611 3209 675 3249 una
696 3190 959 3267 contemplatione
980 3188 1101 3249 defixus
1122 3196 1178 3249 est.

179 3275 490 3372 Verginium'cogito,
505 3295 689 3370 Verginium
704 3295 804 3369 vineo,
816 3294 1000 3370 Verginium
1016 3294 1077 3353 iam
1089 3294 1180 3354 vanis

178 3399 378 3477 imaginibus,
404 3401 580 3460 recentibus
609 3406 722 3473 tamen,
752 3399 854 3474 audio,
884 3399 1043 3476 adloquor,
1072 3404 1179 3473 tene03

168 3505 231 3565 cui
245 3505 380 3566 fortasse
394 3505 478 3565 cives
493 3505 614 3582 aliquos
629 3504 799 3564 virtutibus
813 3521 904 3581 pares
926 3508 957 3562 et
978 3502 1128 3563 habemus
1150 3507 1182 3562 et
1201 3517 1230 3562 30

179 3609 373 3686 habebimus,
389 3610 488 3686 gloria
501 3610 667 3670 neminem.
709 3609 796 3672 Vale.
