2782 4164
518 326 782 381 nrrsrmmsuu
804 326 854 379 vr
873 326 915 381 ai.
1175 318 1216 385 91

212 520 284 563 mus
304 501 414 579 dolori,
436 508 469 562 et
488 501 523 562 in
543 502 740 580 amplissima
759 520 862 577 causa,
882 502 971 582 quasi
993 521 1107 579 magno
1127 503 1215 578 mari,

162 616 192 663 11
210 606 357 686 pluribus
370 607 475 669 ventis
494 626 602 669 sumus
623 608 714 668 vecti.
757 608 797 666 In
819 626 948 683 summa,
964 608 1067 668 solent
1087 607 1215 685 qnidam

211 731 254 773 ex
276 712 551 774 contubernalibus
578 713 697 775 nostris
721 713 902 773 existimare
926 713 1007 773 hano
1032 713 1214 789 orationem,

211 817 327 879 iterum
347 817 459 893 dicam,
480 824 517 878 ut
536 818 621 878 inter
641 837 736 894 meas,
751 820 820 897 ὑπὲρ
842 822 1049 898 Κτησιφῶντος
1070 836 1152 879 esse:
1175 837 1216 878 an

211 940 295 998 vere,
309 927 346 983 tu
359 922 512 983 facillime
526 922 690 999 iudicabis,
705 923 760 1001 qui
774 928 839 983 tam
855 924 1036 983 memoriter
1050 929 1139 983 tenes
1155 942 1216 983 om·
1233 944 1249 990 s

211 1044 269 1088 nes
289 1032 325 1088 ut
345 1028 486 1088 conferre
507 1046 578 1089 oum
598 1029 667 1104 hso,
683 1028 757 1088 dum
777 1027 857 1088 hano
879 1027 977 1089 solam
998 1026 1087 1105 legis,
1102 1028 1212 1106 possis.

211 1130 299 1193 Vale.

582 1257 634 1318 ra
663 1253 846 1337 (xxxrv.)

454 1414 485 1467 C.
508 1415 653 1466 PLINIUS
676 1414 828 1466 MAXIMO
851 1415 919 1467 SUO
942 1415 970 1467 S.

443 1560 470 1611 Δ
480 1562 657 1626 ρῐαᾱίαιονίαῑ
668 1562 815 1613 ecbibition
828 1568 857 1613 at
873 1560 985 1614 Verona.

177 1715 192 1762 1
252 1705 350 1766 Recte
358 1704 465 1767 fecisti
474 1706 557 1786 quod
566 1705 776 1783 gladiatorum
785 1707 1136 1768 munusVoronensibus
1147 1726 1214 1768 nos

212 1809 271 1871 tris
287 1811 469 1888 promisisti,
487 1829 507 1871 a
526 1811 640 1889 quibus
657 1811 731 1870 olim
750 1812 874 1886 amaris,
890 1812 1066 1889 suspiceris,
1083 1812 1211 1872 ornaris.

213 1914 293 1975 Inde
317 1915 412 1975 etiam
436 1934 565 1975 uxorem
593 1916 787 1977 carissimam
814 1916 874 1976 tibi
903 1922 935 1976 et
961 1916 1212 1993 probatissimam
1233 1936 1262 1983 10

212 2018 360 2095 habuisti,
375 2019 463 2080 ouius
478 2021 644 2081 memoriae
659 2027 714 2081 aut
735 2040 812 2099 opus
834 2021 961 2099 aliquod
982 2027 1037 2081 ant
1059 2026 1214 2098 spectacu-

212 2123 287 2200 lum,
302 2129 397 2202 atque
411 2124 469 2184 hoc
488 2125 685 2203 potissimum
704 2127 787 2204 quod
804 2125 939 2185 maxime
956 2125 1070 2199 funeri,
1086 2125 1214 2185 debeba

176 2235 272 2289 atur.
314 2231 481 2290 Praeterea
497 2236 586 2290 tanto
607 2250 759 2292 consensu
780 2232 939 2307 rogaberis
960 2237 996 2291 ut
1017 2250 1130 2308 negare
1150 2251 1214 2291 non

212 2341 359 2396 constans
387 2336 442 2396 sed
471 2336 583 2395 durum
608 2336 775 2396 videretur.
829 2337 915 2396 Illud
940 2355 1062 2415 quoque
1091 2337 1213 2412 egregio

177 2441 296 2518 aquod
316 2448 381 2501 tam
403 2443 515 2518 facilis,
539 2449 603 2503 tarn
624 2441 764 2502 liberalis
789 2442 823 2501 in
844 2441 964 2501 edendo
988 2441 1088 2503 fuisti.
1130 2442 1213 2502 Nam
1233 2462 1261 2508 15

211 2563 268 2623 per
284 2545 361 2606 haec
373 2547 466 2607 etiam
482 2566 614 2622 magnus
629 2548 752 2607 animus
767 2546 950 2607 ostenditur.
992 2546 1114 2606 Vellem
1130 2546 1214 2606 Afri-

211 2668 306 2710 canae
321 2670 399 2728 quas
413 2660 569 2711 coemeras
584 2652 735 2728 plurimas
751 2652 790 2711 ad
805 2650 1003 2728 praefinitum
1020 2650 1101 2709 diem
1113 2669 1214 2711 occur-

212 2754 344 2815 rissent:
371 2756 426 2816 sed
447 2756 522 2815 licet
542 2756 735 2816 cessaverint
755 2756 829 2815 illae
850 2760 1037 2832 tempestate
1059 2755 1212 2828 detentae,

212 2865 367 2920 tutamen
382 2861 524 2921 meruisti
538 2867 575 2920 ut
589 2867 749 2939 acceptum
765 2860 824 2920 tibi
838 2860 928 2921 fieret
939 2860 1023 2938 quod
1034 2879 1096 2938 quo
1109 2860 1213 2919 minus

213 2963 376 3026 exhiberes
391 2985 453 3024 non
467 2984 523 3045 per
537 2971 569 3025 te
584 2966 682 3026 stetit.
725 2966 812 3027 Vale.
1232 2975 1262 3021 20
