2782 4164
192 287 216 359 2
624 300 653 356 o.
672 304 774 355 rnnu

194 476 363 538 Possident
387 482 420 537 te
440 483 472 536 et
492 496 547 554 per
571 466 654 537 lires
682 478 891 555 partiuntur?
919 497 970 555 an,
998 485 1036 539 nt
1066 479 1197 557 solebas,
1222 500 1236 545 ι

104 596 114 619 ‘
194 580 369 641 intentione
386 581 433 641 rei
451 582 619 642 familiaris
641 582 802 642 obeundae
823 583 939 643 crebris
961 584 1197 645 excursionibus

195 687 360 748 arcearis?
403 687 437 747 Si
450 693 483 747 te
497 688 668 766 possident,
684 687 764 746 irlix
782 688 953 767 beatusque
968 708 1018 765 es;
1042 690 1070 749 si
1083 689 1197 766 minus,

194 811 276 852 unus
297 811 337 853 ex
357 792 477 853 multis.
527 792 611 863 Quin
634 802 671 851 tu
697 794 834 872 (tempus
863 800 912 855 est
939 772 1038 877 enim)
1061 794 1197 856 humiles
1221 808 1236 853 a

158 903 228 958 cet
252 898 394 959 sordidas
418 917 509 959 curas
533 896 605 958 aliis
629 897 760 959 mandas
784 903 817 958 et
840 899 908 977 ipse
933 907 965 959 to
989 900 1023 959 in
1047 900 1112 960 alto
1136 899 1198 960 isto

190 1002 367 1087 pinguique
376 1021 515 1065 ..secessu
537 1002 651 1063 studiis
677 1003 820 1063 adseris?
860 994 946 1064 'Hoc
971 1005 1014 1065 sit
1038 1005 1196 1080 negotium

194 1112 294 1183 tuum,
309 1108 367 1167 hoc
385 1106 494 1183 otium,
509 1107 561 1167 hio
577 1106 674 1183 labor,
690 1107 766 1167 haec
781 1108 887 1168 inies:
910 1110 945 1168 in
963 1108 1013 1170 his
1030 1109 1149 1185 vigilia,
1164 1109 1198 1168 in

195 1211 246 1273 his
260 1213 354 1272 etiam
370 1233 497 1274 somnus
514 1220 690 1292 reponatur.
719 1216 763 1275 ιΕ
818 1208 858 1294 'ge
877 1216 999 1295 aliquid
1018 1221 1050 1277 ot
1066 1215 1198 1276 exclude
1221 1227 1236 1272 4

195 1318 279 1395 quod
294 1317 337 1378 sit
350 1324 501 1396 perpetuo
511 1323 609 1378 tuum.
641 1319 727 1380 Nam
740 1320 862 1399 reliqua
872 1306 976 1382 rorum
987 1327 1112 1382 tuarum
1126 1326 1199 1399 post

145 1430 175 1476 ιο
196 1428 228 1482 te
245 1423 341 1483 alium
357 1428 451 1501 atque
466 1423 562 1483 alium
577 1425 738 1485 dominum
758 1426 937 1502 sortientur,
952 1426 1010 1487 hoc
1027 1445 1198 1505 numquam

196 1532 285 1587 tuum
310 1527 433 1589 desinet
455 1546 532 1605 esse,
548 1529 575 1590 si
599 1530 696 1591 semel
721 1531 866 1609 coeperit.
919 1531 991 1592 Scio
1018 1549 1111 1609 quem
1135 1531 1199 1591 ani·
1221 1544 1237 1591 c

195 1651 291 1708 mum,
312 1633 397 1711 quod
417 1633 552 1694 hortor'
544 1635 714 1710 ingenium.
760 1637 810 1695 Tu
829 1635 923 1696 modo
942 1634 1061 1697 enitere
1082 1642 1119 1696 ut
1138 1634 1199 1696 tibi

195 1736 264 1815 ipso
278 1737 322 1798 sis
335 1738 419 1798 tanti
432 1739 545 1817 quanti
558 1739 715 1801 videberis
730 1739 842 1802 aliis
816 1760 846 1802 sr
858 1739 919 1800 tibi
932 1739 1042 1800 fueris.
1077 1739 1166 1802 Vale

627 1954 658 2015 s.
687 1952 772 2031 (iv.)

283 2095 313 2149 o.
333 2096 479 2149 ruimus
498 2097 688 2149 rournmn
709 2097 920 2150 onrnurrnu
941 2097 1072 2150 socuur
1091 2066 1128 2152 εἶ
1150 2078 1166 2087 ”

184 2231 267 2294 Pliny
278 2233 460 2296 complimentr
471 2233 514 2283 bis
525 2233 727 2284 mortenia-low
739 2247 812 2296 upon
823 2234 867 2284 the
878 2234 1005 2297 comforts
1016 2234 1049 2297 os
1055 2234 1104 2284 ter
1113 2235 1202 2284 villar.

236 2365 393 2447 Quantum
425 2365 586 2443 copiarum
614 2366 648 2424 in
677 2366 870 2442 Ocriculano,
896 2365 930 2425 in
956 2366 1136 2441 Narniensi,
1165 2366 1237 2427 inl

146 2479 174 2525 15
197 2470 417 2549 Carsulano,
408 2489 443 2528 in
471 2470 625 2530 Perusino
652 2473 723 2530 tuo!
756 2470 790 2529 in
813 2470 984 2531 Narniensi
1009 2489 1083 2530 vero
1103 2471 1199 2531 etiam

196 2575 363 2655 balineum
396 2575 447 2633 Ex
461 2575 606 2652 epistulis
617 2575 696 2635 meis
709 2575 817 2654 (nam
810 2594 873 2635 ram
887 2574 952 2635 tuis
966 2594 1044 2653 opus
1058 2593 1122 2635 non
1108 2577 1198 2673 est)

197 2700 260 2741 una
280 2681 338 2740 illa
360 2673 464 2741 brevis
486 2687 518 2741 et
540 2687 630 2742 vetus
654 2680 774 2741 sufficit
828 2681 903 2740 Non
930 2680 1118 2742 mehercule
1133 2686 1199 2741 tam
1222 2695 1239 2741 ι

196 2805 267 2845 mea
290 2790 364 2845 sunt
388 2804 467 2864 quae
492 2805 563 2846 mea
587 2792 661 2846 sunt
689 2804 783 2863 quam
804 2772 884 2864 quae
908 2776 980 2847 tua·
991 2782 1087 2857 lloo
1093 2760 1200 2847 timeri

197 2854 348 2949 differunt
348 2890 456 2968 ,quod
476 2889 643 2951 sollicitius
663 2896 694 2950 ot
711 2888 865 2951 intentius
884 2890 933 2950 tui
953 2910 1003 2951 me
1024 2909 1118 2970 quam
1137 2889 1200 2949 mei

145 3005 176 3050 ιο
197 2995 367 3074 excipiunt.
420 2996 511 3055 Idem
542 2996 677 3067 fortasse
707 2995 831 3056 eveniet
862 2994 932 3071 tibi,
962 2995 1137 3074 siquando
1166 2995 1238 3055 ins

197 3107 304 3162 nostra
319 3102 427 3162 devort
414 3098 513 3161 teris!
531 3100 621 3172 Quod
633 3100 729 3160 telim
744 3090 851 3177 facias,
864 3101 1009 3179 primurn,
1020 3106 1057 3161 ut
1070 3081 1204 3219 perinde

197 3206 313 3267 nostris
342 3206 433 3266 rebus
445 3212 497 3266 to
524 3225 581 3265 nos
609 3204 672 3265 tuis
700 3205 882 3283 perfruaris,
916 3205 1037 3281 deinde,
1065 3210 1102 3265 ut
1137 3222 1200 3267 mer

82 3288 181 3463 μζ
198 3311 454 3393 expergiscantur
475 3310 653 3389 aliquando,
678 3310 743 3389 qui
753 3330 804 3370 me
824 3329 930 3371 secure
933 3306 989 3371 ‘ao
1011 3328 1107 3389 prope
1129 3329 1201 3386 neg·

82 3386 337 3503 &pellegenter
372 3408 552 3494 expectant.
606 3394 690 3475 liam
725 3415 849 3476 mitium
885 3414 1081 3476 dominorum
1115 3415 1237 3494 apud4

146 3538 176 3583 ab
198 3539 304 3581 servos
331 3521 401 3598 ipsa
428 3521 654 3581 consuetudine
683 3529 785 3581 metus
817 3520 976 3593 exolescit,
1004 3519 1199 3581 novitatibus

197 3626 376 3686 excitantur
396 3625 583 3704 probarique
602 3625 737 3685 dominis
753 3644 809 3703 per
826 3625 904 3685 alios
921 3624 1022 3703 magis
1036 3644 1129 3704 quam
1143 3642 1200 3703 per

197 3729 283 3811 ipsos
296 3730 448 3791 laborant.
484 3730 572 3791 Vale.
