2782 4164
194 710 245 749 ‘'
294 752 336 839 c.
379 754 534 837 etun
579 755 801 841 olnonr
845 756 1092 844 suenum

224 892 227 897 ’
494 946 893 1032 EPISTULARUM

509 1189 653 1258 menn
684 1193 876 1262 Ριιιιιιιε.

651 1391 682 1452 L
710 1389 766 1473 (1·>

445 1533 477 1588 c.
496 1534 642 1586 muros
663 1535 827 1589 surrrero
848 1535 919 1590 suo
936 1496 984 1593 ss

527 1661 723 1724 Dedicatosp
740 1662 852 1724 specle

165 1800 179 1845 1
244 1787 470 1878 Qquflnter
472 1784 617 1885 hortatus
652 1802 687 1851 es
720 1792 758 1846 ut
792 1785 954 1869 epistulas,
980 1786 1087 1865 siquas
1112 1786 1208 1865 paulo

204 1890 344 1973 munatius
359 1866 564 1968 scripsissem,
563 1862 759 1966 dolligerem
779 1890 1042 1969 publicatamque.
1086 1891 1208 1968 Collegi

203 2014 268 2054 non
281 2001 405 2063 servato
423 1994 574 2073 temporis
594 1995 703 2055 ordine
721 1994 933 2074 (nequeenim
949 1994 1114 2056 historiam
1129 2014 1208 2056 eom·
1306 2059 1308 2063 ,

164 2118 180 2163 2
203 2088 381 2179 ponebam),
397 2099 452 2160 sed
474 2106 511 2160 ut
531 2118 673 2178 quaeque
693 2099 728 2158 in
748 2119 859 2160 manus
878 2105 1015 2160 venerat
1059 2084 1210 2179 Superest

203 2211 241 2265 ut
256 2222 314 2265 neo
331 2209 364 2265 te
383 2203 509 2269 consilii
528 2223 586 2264 nee
607 2223 657 2264 me
677 2204 838 2289 paeniteat
858 2204 1009 2287 obsequii.
1052 2205 1105 2265 Ita
1124 2205 1207 2265 enim
1229 2219 1245 2266 e

203 2309 260 2370 fiet
285 2315 323 2371 ut
349 2328 403 2371 eas
431 2327 512 2388 quae
538 2310 641 2370 adhue
667 2304 829 2385 neglectae
857 2294 960 2370 iaeent
984 2309 1151 2389 requiram,
1175 2314 1208 2370 et

205 2414 312 2495 siquas
333 2414 493 2491 addidero,
513 2433 577 2474 non
597 2414 801 2494 supprimam.
844 2386 932 2477 Vale

1262 2172 1324 2207 lu
1352 2148 1362 2185 '-

623 2626 654 2687 2
683 2624 776 2706 (111.)

378 2771 419 2824 .(l;
441 2769 587 2822 PLINIUS
607 2769 760 2821 CANINIO
781 2770 878 2822 RUFO
898 2770 967 2823 SUO
987 2771 1014 2824 S.
1145 2816 1149 2827 .

204 2904 338 2958 Caninius
354 2907 379 2957 ts
396 2905 479 2969 urped
498 2911 525 2957 to
543 2905 646 2968 emplov
663 2905 706 2954 tis
723 2905 865 2969 delipttsol
885 2906 983 2957 leisure
1000 2912 1029 2958 at
1048 2905 1160 2957 Comum
1177 2907 1208 2957 in

621 2988 827 3053 aerternae.

167 3119 214 3163 1
245 3103 327 3174 Quid
344 3103 411 3181 agit
427 3064 683 3221 Gom-*tuae
670 3121 818 3194 meaeque
833 3082 990 3215 deliei'ae?
1010 3103 1087 3183 quid
1101 3104 1208 3165 subur»

204 3208 321 3269 banum
334 3170 612 3269 amoeniss1mum?
632 3207 709 3285 quid
723 3176 782 3268 illa
796 3171 958 3286 portiedd
950 3227 1048 3269 verna
1061 3210 1206 3287 semper?

205 3312 284 3392 quid
309 3313 464 3392 platanon
497 3308 728 3391 opacissimus?
764 3312 841 3391 quid
874 3312 1001 3390 euripus
1033 3313 1145 3374 viridis
1176 3318 1208 3373 et
1231 3320 1259 3368 11

205 3420 388 3496 gemmeus?
414 3417 491 3496 quid
515 3417 674 3478 subiectus
696 3422 729 3478 et
754 3418 893 3478 serviens
917 3417 1030 3479 laeus?
1054 3418 1131 3496 quid
1152 3417 1209 3477 illa

204 3522 311 3584 mollis
335 3528 367 3583 et
389 3528 496 3583 tamen
518 3521 620 3583 solida
643 3522 801 3599 gestatio?
832 3521 910 3617 quid
934 3522 1094 3583 balineum
1116 3521 1207 3597 illud,

205 3627 290 3708 quod
303 3627 456 3706 plurimus
472 3626 518 3688 sol
537 3621 650 3705 implet
667 3631 698 3686 et
717 3608 884 3685 eircumit?
906 3626 982 3705 quid
999 3626 1140 3686 triclinia
1152 3625 1210 3686 illa

204 3730 378 3817 popularia,
390 3731 448 3791 illa
461 3731 649 3810 paucorum?
665 3707 743 3809 quid
754 3718 1026 3806 eubiculadiurna
1036 3731 1207 3790 nocturna?

699 3826 715 3877 1
1322 3832 1337 3887 l
