2782 4164
519 298 784 352 EPISTULARUM
808 298 845 349 11.
864 299 904 350 10.
1168 289 1210 350 25

205 468 350 530 omnibus
370 489 454 530 nuno
474 488 532 546 ogo
552 469 586 529 in
606 489 669 529 uno
690 470 807 530 referre
822 469 955 546 gratiam
969 489 1106 548 possum.
1148 469 1210 530 Ita

206 592 267 652 que
288 593 401 653 prenso
422 575 546 650 amicos,
565 575 717 653 supplico,
732 575 845 650 ambio,
867 575 974 635 domos
996 574 1209 652 stationesque

206 679 369 755 circumeo,
384 688 599 758 quantumque
614 680 664 740 vel
685 680 873 740 auctoritate
894 680 944 739 vel
966 679 1068 755 gratia
1088 679 1210 738 valeam

169 793 186 839 6
206 783 349 862 precibus
371 784 522 863 experior.
565 785 671 864 Teque
686 786 812 846 obsecro
826 790 862 844 ut
875 784 1013 862 aliquam
1027 784 1131 844 oneris
1148 783 1210 843 mci

206 895 327 967 partem
338 889 495 968 suscipere
506 889 588 949 tanti
599 896 699 967 putes.
742 890 886 949 Reddam
897 889 1006 964 vicem,
1018 889 1046 948 si
1057 907 1208 967 reposces,
1228 899 1244 944 1

206 994 334 1077 reddam
350 999 382 1053 ct
401 994 510 1054 sinon
529 1012 679 1072 reposces.
722 994 882 1070 Diligeris,
897 993 1018 1067 coleris,
1032 994 1211 1072 frequenta
1266 1030 1268 1034 ν

206 1099 265 1159 ris:
288 1099 418 1159 ostende
432 1099 525 1159 modo
540 1099 675 1175 vellete,
691 1117 748 1159 nec
762 1099 894 1159 deerunt
908 1099 963 1176 qui
977 1098 1061 1177 quod
1078 1104 1115 1158 tu
1129 1097 1209 1159 velis

205 1204 341 1282 cupiant.
384 1204 471 1265 Vale.

633 1311 686 1373 aa.
716 1308 784 1389 (11.)

444 1467 475 1519 C.
497 1468 643 1518 PLINIUS
666 1467 827 1518 OCTAVIO
851 1466 919 1517 SUO
942 1466 968 1518 S.

534 1601 714 1651 Exhortatton
726 1606 752 1650 to
760 1601 880 1663 publish.

170 1745 184 1790 1
245 1733 415 1793 Hominem
439 1739 471 1792 tc
495 1732 668 1810 patientem
695 1732 746 1790 vel
773 1731 879 1810 potius
907 1732 1019 1791 durum
1047 1751 1083 1792 ac
1109 1751 1208 1810 paene

169 1853 185 1899 2
205 1838 373 1913 crudelem,
385 1838 440 1915 qui
451 1844 516 1898 tam
531 1837 670 1912 insignes
681 1837 779 1896 libros
790 1843 855 1896 tam
871 1837 926 1895 diu
940 1840 1065 1899 teneas!
1094 1838 1209 1908 11111111-
1229 1848 1256 1894 11

205 1963 265 2022 que
287 1949 319 2003 et
339 1943 399 2003 tibi
419 1949 451 2002 ct
471 1943 562 2002 nobis
583 1942 749 2016 invidebis,
764 1942 824 2001 tibi
845 1942 983 2001 maxima
1002 1941 1102 2017 laude,
1117 1942 1207 2002 nobis

204 2049 394 2127 voluptate?
438 2048 511 2107 Siue
536 2066 667 2124 perora
690 2046 1018 2106 hominumierantur
1046 2047 1207 2124 isdemque

205 2154 319 2232 quibus
344 2153 453 2228 lingua
476 2152 618 2211 Romana
640 2151 750 2229 spatiis
775 2158 993 2229 pervagentur.
1036 2153 1153 2226 Magna
1176 2157 1207 2211 et

205 2260 267 2319 iam
282 2259 376 2335 longa
389 2256 565 2335 expectatio
580 2262 637 2330 est,
649 2275 742 2333 quam
757 2256 904 2316 frustrari
919 2256 1020 2316 adhuc
1034 2262 1067 2316 11
1081 2256 1207 2315 differre

168 2380 268 2425 anon
288 2364 390 2423 debes.
433 2363 631 2421 Enotuerunt
651 2361 779 2438 quidam
800 2361 848 2420 tui
869 2380 977 2421 versus
1000 2367 1032 2420 et
1053 2361 1154 2420 invito
1175 2366 1207 2420 te
1228 2372 1256 2418 11

205 2469 344 2528 claustra
365 2486 421 2528 sua
441 2467 647 2542 refregerunt.
691 2467 759 2525 Hos
784 2465 846 2525 nisi
868 2465 1002 2525 retrahis
1027 2466 1061 2524 in
1085 2484 1205 2543 corpus,

205 2572 390 2650 quandoque
410 2577 445 2630 ut
462 2589 587 2630 errones
609 2569 745 2647 aliquem
762 2569 851 2630 cuius
871 2569 1016 2629 dicantur
1035 2570 1204 2630 invenient.

167 2695 184 2739 4
204 2677 296 2736 Habe
312 2682 384 2736 ante
399 2676 505 2735 oculos
519 2675 753 2749 mortalitatem,
767 2694 858 2752 aqua
869 2675 1011 2734 adserere
1025 2680 1056 2734 te
1071 2676 1129 2734 hoc
1143 2695 1206 2735 uno

204 2783 395 2841 monimento
418 2787 522 2859 potes:
555 2799 628 2840 nam
656 2786 759 2839 cetera
785 2779 913 2856 fragilia
940 2785 972 2839 et
999 2780 1116 2839 caduca
1143 2799 1206 2840 non

204 2888 308 2946 minus
323 2905 416 2963 quam
434 2885 495 2963 ipsi
514 2885 656 2945 homines
677 2885 822 2944 occidunt
842 2885 1058 2961 desinuntque.
1101 2884 1204 2960 Dices,
1225 2898 1255 2945 1ο

165 2991 352 3064 1111111111,
377 2990 486 3050 ‘amici
514 2990 576 3049 mei
604 2990 761 3049 viderint)
807 2990 889 3068 Opto
917 2989 1060 3067 equidem
1090 2984 1205 3050 amicos

202 3095 263 3156 tibi
279 3103 345 3157 tam
359 3095 478 3170 fideles,
493 3100 557 3154 tam
580 3095 727 3169 eruditos,
743 3101 808 3154 tam
830 3094 1008 3168 laboriosos,
1024 3101 1060 3154 ut
1080 3100 1205 3154 tantum

202 3220 295 3261 curae
316 3200 564 3276 intentionisque
590 3200 747 3277 suscipere
769 3205 801 3259 et
821 3200 944 3277 possint
965 3205 997 3259 et
1018 3198 1126 3274 velint,
1150 3200 1205 3259 sed

202 3305 321 3384 dispice
335 3324 375 3365 nc
390 3306 432 3366 sit
445 3323 556 3382 parum
571 3304 737 3382 providum
752 3323 876 3382 sperare
891 3323 930 3363 ex
949 3303 1020 3364 aliis
1040 3304 1123 3380 quod
1145 3305 1203 3364 tibi

163 3410 269 3489 oipse
290 3430 353 3470 non
373 3415 520 3488 praestes.
564 3410 607 3468 Et
631 3409 669 3468 de
694 3409 830 3468 editione
859 3409 986 3486 quidem
1013 3409 1140 3467 interim
1168 3414 1204 3468 ut
1223 3423 1252 3468 25

201 3516 304 3576 voles:
334 3515 432 3574 recita
453 3514 573 3587 saltem,
596 3532 657 3589 quo
678 3514 777 3588 magis
806 3513 903 3573 libeat
931 3513 1083 3588 emittere,
1107 3519 1202 3589 utque

199 3621 329 3681 tandem
355 3618 509 3696 percipias
535 3617 692 3693 gaudium,
718 3618 801 3695 quod
827 3637 883 3694 ego
907 3618 982 3676 olim
1007 3636 1063 3694 pro
1087 3623 1118 3676 te
1140 3636 1203 3676 non

162 3741 177 3787 1
198 3732 317 3786 temero
338 3741 510 3802 praesumo.
563 3721 724 3797 Imaginor
744 3722 828 3781 enim
849 3722 904 3799 qui
924 3740 1100 3796 concursus,
1123 3739 1203 3799 quac
