2782 4164
210 277 252 342 48
640 289 673 341 c.
691 290 791 341 rann

211 461 330 519 ferrum
350 461 513 537 stringere,
531 461 695 539 perfodere
715 467 834 540 pectus,
852 463 1017 524 extrahere
1037 465 1213 543 pugionem,

210 565 368 643 porrigere
396 566 517 642 marito,
543 566 657 626 addere
682 586 788 627 vocem
817 568 1026 629 immortalem
1052 589 1088 630 ac
1115 589 1214 648 paene

211 670 350 730 divinam
375 671 498 745 ‘Pacta
524 691 586 730 non
610 672 715 732 dolet?
771 673 833 732 Sed
857 678 962 733 tamen
987 674 1050 735 ista
1073 675 1214 751 facienti,

211 775 273 834 ista
294 774 412 834 dicenti
434 776 533 850 gloria
553 782 586 835 et
607 776 775 837 aeternitas
797 783 870 837 ante
891 778 996 839 oculos
1017 785 1124 856 erant;
1153 800 1215 859 quo

175 893 190 939 1
210 879 310 939 maius
330 881 463 940 estsine
481 881 618 957 praemio
635 882 841 957 aeternitatis,
858 883 925 943 sine
941 884 1080 960 praemio
1097 885 1215 961 gloriae

211 985 325 1044 abdere
344 985 498 1060 lacrimae,
514 984 635 1063 operire
654 986 782 1062 luctum,
801 988 978 1064 amissoque
997 987 1064 1048 filio
1083 996 1216 1051 matrem

211 1090 314 1149 adhuc
327 1109 427 1165 agere.
471 1090 693 1150 Scribonianus
708 1109 794 1151 arma
808 1092 842 1151 in
856 1092 987 1170 Illyrico
1001 1100 1110 1155 contra
1127 1095 1250 1158 Clau-'7

211 1195 299 1254 dium
317 1201 471 1256 moverat:
495 1195 600 1255 fuerat
616 1197 733 1255 Paetus
752 1196 786 1255 in
805 1197 946 1274 partibus
966 1203 997 1257 et
1016 1199 1118 1259 occiso
1137 1201 1216 1260 Scri-

210 1300 345 1360 boniano
373 1301 504 1359 Romam
533 1300 722 1360 trahebatur.
778 1302 857 1361 Erat
884 1321 1069 1364 ascensurus
1094 1321 1250 1366 navems

163 1418 192 1464 10
212 1404 306 1465 Arria
331 1405 448 1465 milites
480 1405 588 1465 orabat
621 1411 658 1465 ut
685 1404 778 1465 simul
807 1407 1018 1483 inponeretur.
1076 1410 1215 1488 ‘Nempe

212 1511 310 1569 enim'
336 1510 440 1588 inquit
465 1510 588 1570 ‘daturi
616 1510 691 1571 estis
717 1511 873 1572 consulari
897 1512 965 1572 viro
994 1514 1133 1574 servulos
1161 1515 1217 1574 ali·

212 1635 299 1693 quos,
315 1635 447 1693 quorum
461 1634 478 1675 1
491 1635 587 1675 manu
604 1616 708 1676 cibum
728 1617 840 1694 capiat,
857 1617 1003 1695 aquibus
1018 1619 1181 1696 vestiatur,
1197 1640 1216 1681 a

212 1721 325 1798 quibus
347 1721 512 1780 calcietur:
539 1721 643 1779 onmia
664 1721 730 1780 sola
751 1723 935 1798 praestabo’
977 1724 1050 1782 Non
1072 1724 1217 1803 impetra
1236 1745 1251 1790 9

213 1826 274 1885 vit:
297 1826 448 1885 conduxit
461 1824 661 1903 piscatoriam
679 1827 844 1886 nauculam
862 1827 1035 1905 ingensque
1054 1828 1216 1905 navigium

164 1945 192 1991 15
212 1931 341 1990 minimo
356 1936 463 1991 secuta
476 1936 532 1991 est.
574 1931 694 1991 Eadem
708 1931 792 2008 apud
807 1932 973 1992 Claudium
987 1934 1078 1993 uxori
1098 1935 1217 1995 Scribo

213 2036 308 2111 niani,
333 2055 404 2096 curn
428 2035 485 2095 illa
508 2036 708 2113 profiteretur
732 2036 893 2112 indicium,
920 2039 1008 2112 ‘ego’
1033 2037 1138 2116 inquit
1167 2045 1216 2100 ‘te

213 2141 347 2215 audiam,
376 2141 465 2200 cuius
493 2140 526 2199 111
554 2141 670 2215 gremio
698 2141 918 2202 Scribonianus
951 2143 1071 2203 occisus
1099 2151 1155 2220 est,
1185 2150 1217 2205 et

212 2246 338 2305 vivis?'
380 2246 430 2304 Ex
450 2264 512 2323 quo
530 2246 733 2305 manifestum
751 2252 799 2306 est
817 2247 846 2305 ei
864 2247 1031 2307 consilium
1047 2248 1217 2326 pulcherri-

148 2404 151 2410 .
212 2371 280 2412 mae
294 2352 404 2413 mortis
424 2371 487 2411 non
506 2351 645 2411 subitum
662 2350 770 2411 fuisse.
813 2352 895 2421 Quin
913 2353 1017 2428 etiarn,
1033 2372 1103 2413 cum
1121 2353 1216 2414 Thra
1237 2368 1266 2414 10

163 2468 192 2514 1ο
213 2476 273 2532 sea,
294 2476 388 2533 gener
409 2458 486 2531 eius,
506 2458 725 2534 deprecaretur
747 2475 785 2514 ne
806 2456 885 2516 mori
906 2464 1050 2534 pergeret
1071 2457 1215 2537 interque

212 2562 276 2623 alia
296 2563 430 2623 dixisset
451 2561 514 2622 ‘vis
537 2580 609 2637 ergo
629 2560 727 2620 filiam
748 2566 844 2637 tuam,
867 2562 894 2622 si
919 2562 998 2621 mihi
1021 2564 1216 2640 pereundum

212 2668 318 2743 fuerit,
344 2666 422 2726 mori
446 2666 611 2726 mecum?'
640 2666 802 2742 respondit
827 2666 871 2726 ‘si
895 2672 961 2727 tam
986 2667 1040 2726 diu
1064 2674 1215 2747 tantaque

212 2773 376 2833 concordia
402 2771 518 2831 vixerit
545 2777 648 2831 tecum
681 2789 774 2847 quam
801 2790 858 2846 ego
886 2790 956 2830 cum
990 2774 1095 2848 Paeto,
1124 2774 1214 2834 volo)

212 2878 354 2938 Auxerat
370 2878 429 2936 hoc
446 2894 595 2954 responso
612 2894 717 2934 curam
737 2894 872 2950 suorum,
892 2877 1044 2937 attentius
1064 2879 1216 2938 custodie·
1237 2895 1264 2939 11

163 2983 321 3044 robatur:
355 2981 454 3042 sensit
478 2986 510 3040 et
542 2979 639 3039 ‘nihil
663 2979 775 3055 agitis'
801 2980 921 3057 inquit:
956 2982 1105 3058 ‘potestis
1131 2984 1216 3042 enim

212 3087 331 3147 efficere
358 3093 395 3147 ut
423 3086 503 3145 male
531 3084 654 3160 moriar,
682 3090 805 3144 utnon
830 3085 944 3144 moriar
971 3105 1034 3146 non
1062 3089 1214 3165 potestis!

212 3193 296 3252 Dum
323 3192 399 3252 haec
428 3190 513 3264 dicit,
542 3189 672 3249 exsiluit
700 3189 848 3249 cathedra
880 3190 1072 3268 adversoque
1100 3192 1216 3269 parieti
1236 3209 1264 3253 12

212 3304 306 3374 caput
321 3295 441 3373 ingenti
456 3295 575 3372 impetu
590 3294 722 3371 impegit
739 3299 771 3353 et
789 3293 913 3354 corruit.
957 3296 1100 3355 Focilata
1114 3297 1216 3356 ‘dixe

212 3402 295 3463 ram'
314 3401 420 3478 inquit
444 3399 549 3458 ‘vobis
570 3398 770 3458 inventuram
788 3417 836 3458 me
856 3400 1029 3476 quamlibet
1046 3401 1157 3461 duram
1175 3402 1215 3461 ad

163 3522 193 3568 30
212 3512 344 3567 mortem
371 3505 463 3580 viam,
490 3503 517 3564 si
540 3523 596 3563 vos
620 3503 747 3563 facilem
775 3504 967 3579 negassetis.’
1017 3505 1214 3566 Videnturne
1236 3522 1265 3566 13

212 3614 288 3672 haec
313 3611 371 3671 tibi
395 3609 514 3669 maiora
538 3608 594 3668 illo
617 3614 625 3644 ‘
633 3610 740 3683 Paete,
765 3627 828 3667 non
853 3609 956 3684 dolet,'
986 3610 1027 3669 ad
1052 3611 1136 3687 quod
1159 3630 1215 3688 per

212 3717 289 3778 haec
309 3720 494 3794 perventum
515 3715 591 3773 est?
615 3731 687 3773 cum
706 3712 833 3773 interim
853 3713 935 3772 illud
955 3713 1083 3792 quidem
1103 3714 1214 3791 ingens
