2782 4164
212 306 255 376 82
637 317 668 372 c.
692 319 793 371 mnu

211 497 349 569 vagetur.
391 491 437 552 At
450 492 505 552 ille
516 493 720 553 mandaverat
730 498 916 571 caveratque
927 498 963 553 ut
974 492 1118 553 divinum
1131 491 1214 551 illud
1233 501 1249 546 4

210 604 243 658 et
256 597 434 657 immortale
448 598 568 657 factum
583 598 725 658 versibus
739 598 977 659 inscriberetur:

290 720 354 779 Hic
369 720 448 780 situs
463 726 512 780 est
526 721 640 795 Rufus,
655 720 747 798 pulso
761 721 816 798 qui
830 720 964 782 Vindice
978 719 1136 798 quondam

367 824 533 902 imperium
548 824 688 885 adseruit
702 844 765 884 non
780 825 841 885 sibi
856 825 911 885 sed
925 825 1054 903 patriae.

175 964 191 1011 o
211 948 289 1006 Tam
303 964 374 1006 rara
387 946 421 1005 in
434 946 583 1006 amicitiis
597 945 685 1022 fides,
697 952 762 1006 tam
774 953 885 1024 parata
894 946 1011 1007 oblivio
1022 951 1214 1005 mortuo1um
1234 950 1249 995 ὅ

210 1058 247 1112 ut
260 1051 323 1130 ipsi
337 1051 427 1112 nobis
441 1051 609 1112 debeamus
624 1052 719 1111 etiam
733 1051 909 1111 conditoria
923 1057 1083 1112 exstruere
1101 1050 1216 1111 omnia

210 1174 272 1234 que
293 1156 443 1216 heredum
464 1155 565 1216 officia
588 1174 795 1234 praesumere.
837 1157 922 1216 Nam
943 1156 994 1215 cui
1014 1175 1077 1215 non
1097 1161 1146 1216 est
1167 1173 1217 1215 ve
1235 1167 1250 1212 6

210 1260 343 1321 rendum
356 1261 441 1339 quod
452 1260 594 1321 videmus
608 1261 760 1322 accidisse
770 1260 947 1336 Verginio?
967 1261 1056 1321 cuius
1066 1260 1216 1320 iniuriam

210 1371 247 1425 ut
267 1365 477 1442 indigniorem
501 1364 546 1425 sic
568 1365 663 1425 etiam
684 1365 837 1426 notiorem
857 1365 958 1444 ipsius
979 1364 1108 1426 claritas
1126 1364 1215 1425 facit

164 1479 193 1525 10
210 1469 298 1531 Vale.

621 1619 674 1681 69.
704 1618 749 1696 (x
780 1618 802 1697 .)

453 1792 484 1866 0,
507 1793 651 1844 PLINIUS
675 1792 830 1844 ROMANO
854 1792 921 1844 SUO
945 1791 972 1846 S.

444 1957 522 2008 Rode
539 1958 670 2008 witticism
689 1957 722 2020 os
734 1971 751 2008 c
762 1958 875 2020 sacroue
886 1957 978 2019 jnrt'st.

252 2119 407 2180 Mirificae
421 2120 467 2178 rei
484 2138 547 2178 non
569 2118 763 2179 interfuisti:
785 2137 825 2177 ne
846 2137 903 2194 ego
924 2117 1067 2195 quidem,
1090 2119 1146 2178 sed
1166 2132 1249 2178 me1

212 2244 319 2284 recens
347 2224 456 2285 fabula
482 2224 614 2301 excepit.
657 2225 835 2283 Passennus
863 2222 1004 2297 Paullus,
1030 2222 1215 2301 splendidus

212 2348 307 2406 eques
335 2329 495 2389 Romanus
523 2335 555 2388 et
582 2329 616 2387 in
644 2328 753 2405 primis
782 2328 933 2401 eruditus,
963 2327 1073 2387 scribit
1101 2327 1214 2403 elegos.

213 2434 418 2494 Gentilicium
439 2433 498 2493 hoc
512 2433 577 2492 illi:
600 2438 648 2491 est
667 2432 752 2491 enim
772 2432 933 2509 municeps
954 2432 1100 2509 Properti
1121 2436 1216 2509 atque

165 2540 308 2600 lectiam
324 2539 406 2599 inter
426 2538 559 2598 maiores
581 2557 652 2597 suos
673 2537 874 2614 Propertium
894 2543 1046 2597 numerat.
1089 2538 1123 2597 Is
1144 2555 1249 2600 cuma

212 2644 367 2718 recitaret,
383 2644 430 2703 ita
446 2643 549 2720 coepit
570 2642 674 2701 dicere
689 2647 697 2677 ‘
706 2642 823 2716 Prisce,
839 2642 946 2701 iubes'
988 2642 1040 2701 Ad
1054 2641 1216 2702 hocIavo-

211 2748 302 2809 lenus
319 2748 445 2807 Priscus
461 2747 581 2825 (ederat
602 2747 693 2821 enim,
710 2753 748 2806 ut
768 2746 880 2806 Paullo
902 2747 1124 2829 amicissimus)
1140 2752 1215 2822 ‘ego

212 2872 285 2913 vero
312 2872 376 2912 non
404 2851 514 2911 iubeo!
556 2851 668 2927 Cogita
688 2851 744 2928 qui
765 2851 846 2910 risus
868 2851 1039 2926 hominum,
1060 2852 1116 2928 qui
1144 2852 1212 2911 ioci.

211 2960 271 3019 Est
287 2959 413 3019 omnino
430 2959 558 3018 Priscus
576 2958 688 3018 dubiae
705 2956 860 3031 sanitatis,
876 2957 1008 3016 interest
1025 2962 1131 3015 tamen
1152 2956 1215 3015 offi-
1233 2968 1249 3012 3

163 3076 193 3121 ao
211 3066 279 3141 ciis,
308 3066 475 3126 adhibetur
502 3063 643 3123 consiliis
671 3069 765 3139 atque
787 3062 882 3121 etiam
904 3061 953 3122 ius
974 3060 1067 3120 civile
1088 3061 1213 3138 publice

211 3171 397 3248 respondet:
427 3188 488 3246 quo
509 3168 608 3244 magis
630 3168 713 3244 quod
740 3173 815 3226 tunc
839 3166 916 3225 fecit
938 3169 970 3225 et
991 3165 1159 3225 ridiculum
1181 3172 1213 3226 et

210 3274 350 3335 notabile
364 3274 435 3334 fuit.
466 3273 600 3332 Interim
614 3271 727 3332 Paullo
742 3270 845 3330 aliena
858 3269 1003 3329 deliratio
1015 3270 1213 3347 aliquantum
1232 3287 1248 3332 4

211 3354 339 3455 frigoris
367 3379 484 3438 attulit.
527 3379 605 3436 Tam
629 3376 764 3436 sollicite
784 3374 962 3434 recitaturis
983 3375 1214 3452 providendum

211 3489 342 3544 estnon
364 3483 464 3543 solum
485 3487 521 3541 ut
543 3481 607 3540 sint
628 3480 690 3558 ipsi
712 3479 781 3540 sani
801 3497 909 3537 verum
934 3479 1030 3539 etiam
1057 3484 1093 3539 ut
1120 3498 1213 3541 sanos

162 3596 191 3642 25
211 3588 389 3649 adhibeant.
432 3587 519 3648 Vale.
