2782 4164
210 290 252 356 18
639 304 668 355 c.
690 305 790 356 rnnn

209 476 334 534 inanem
362 477 503 537 umbram
525 481 557 535 et
579 476 646 537 sine
670 476 787 536 honore
814 496 927 537 nomen
955 497 996 538 an
1023 484 1214 556 potestatem

211 587 438 640 sacrosanctam
453 587 485 641 et
500 600 593 658 quam
613 581 647 640 in
666 582 806 641 ordinem
826 582 893 658 cogi
912 588 984 644 uta
1003 583 1092 642 nullo
1111 584 1158 645 ita
1173 603 1213 644 ne

210 704 230 745 a
243 703 276 744 se
290 685 417 762 quidem
432 687 548 745 deceat.
585 685 659 764 Ipse
674 704 744 745 cum
758 686 904 747 tribunus
919 706 1029 763 essem,
1045 689 1212 749 erraverim
1233 695 1249 741 2

210 790 344 850 fortasse
358 791 413 868 qui
434 810 483 850 mc
505 789 627 867 aliquid
646 791 764 868 putavi,
780 792 836 851 sed
857 799 1017 870 tamquam
1039 812 1149 869 essem,
1164 795 1214 854 ab

176 911 191 956 o
211 894 310 956 stinui
324 895 426 956 causis
441 895 587 971 agendis:
609 895 755 973 primum,
771 897 854 973 quod
869 897 1010 957 deforme
1028 898 1212 975 arbitrabar,

211 999 262 1058 cui
276 999 450 1074 adsurgere,
466 999 516 1058 cui
530 999 598 1058 loco
615 1000 723 1059 cedere
745 1001 845 1061 omnis
867 1008 1033 1080 oporteret,
1048 1003 1132 1064 hunc
1153 1024 1215 1064 om·

211 1105 303 1165 nibus
319 1105 499 1167 sedentibus
515 1110 615 1181 star-03
637 1105 738 1182 etqui
755 1106 861 1166 iubere
875 1113 981 1185 posset
995 1113 1099 1168 tacere
1111 1128 1214 1186 quem-

211 1230 351 1290 cumque,
361 1210 435 1270 huic
447 1209 606 1270 silentium
618 1210 784 1289 clepsydra
794 1212 908 1289 indici3
924 1219 957 1273 et
965 1232 1058 1290 quem
1068 1214 1214 1281 interfari

211 1318 302 1377 nefas
317 1325 408 1393 esset,
423 1318 506 1382 hunc
520 1319 616 1378 etiam
635 1318 777 1378 convicia
794 1317 911 1393 audire,
927 1318 1000 1378 etsi
1015 1318 1117 1380 inulta
1130 1324 1215 1397 pate-

163 1437 192 1483 10
211 1426 307 1498 retur,
328 1422 470 1496 inertem,
492 1423 519 1482 si
541 1423 752 1498 ulcisceretur,
774 1423 961 1482 insolentem
983 1423 1093 1484 videri.
1135 1425 1214 1484 Erat
1234 1433 1249 1478 a

211 1527 263 1587 hic
278 1547 400 1605 quoque
414 1533 519 1588 aestus
534 1532 607 1588 ante
622 1520 736 1603 oculos,
752 1527 780 1588 si
795 1528 878 1587 forte
893 1547 942 1587 me
957 1528 1149 1607 appellasset
1163 1528 1214 1588 vel

212 1631 266 1692 ille
288 1632 338 1691 cui
361 1634 502 1693 adessem
522 1632 573 1692 vel
598 1632 654 1691 ille
676 1651 767 1710 quem
793 1638 910 1708 contra,
937 1633 1161 1694 intercederem
1182 1638 1215 1693 et

212 1736 366 1797 auxilium
387 1737 511 1812 ferrem,
526 1756 566 1797 an
581 1737 772 1815 quiescerem
795 1737 982 1815 sileremque
996 1744 1031 1815 et
1044 1738 1135 1816 quasi
1153 1738 1216 1798 eiu-

212 1847 280 1902 rato
294 1842 480 1918 magistratu
495 1842 652 1920 privatum
666 1842 733 1920 ipse
754 1861 804 1901 me
825 1843 970 1902 facerem.
1013 1843 1075 1904 His
1090 1843 1215 1903 rationi·
1234 1856 1250 1900 4

165 1963 192 2008 15
212 1947 270 2007 bus
292 1953 404 2022 motus,
419 1946 517 2006 malui
535 1966 584 2006 mc
605 1947 766 2006 tribunum
788 1947 931 2007 omnibus
953 1947 1100 2009 exhibere
1121 1967 1214 2026 quam

212 2051 320 2129 paucis
336 2052 529 2111 advocatum.
573 2052 635 2111 Sed
655 2057 700 2127 tu,
717 2053 830 2111 iterum
852 2053 963 2128 dicam,
978 2053 1150 2131 plurimum
1171 2053 1215 2113 in·
1234 2065 1249 2109 5

212 2161 310 2216 terest
331 2156 408 2235 quid
428 2175 496 2217 esse
517 2156 711 2216 tribunatum
733 2162 834 2233 putes,
857 2176 949 2234 quam
969 2176 1134 2235 personam
1155 2158 1214 2218 tibi

213 2261 354 2339 inponas,
369 2279 449 2339 quae
464 2261 599 2338 sapienti
613 2261 682 2320 viro
697 2261 744 2321 ita
762 2262 901 2340 aptanda
914 2268 964 2322 est
977 2267 1014 2321 ut
1028 2263 1212 2341 perferatur.

212 2365 299 2426 Vale.

596 2546 649 2607 1⁷.
679 2543 826 2625 (xxiv.)

371 2703 401 2754 C.
427 2703 572 2756 PLINIUS
595 2704 730 2754 ΒΑΕΒΙΟ
754 2703 912 2755 HISPANO
936 2703 1004 2755 SUO
1027 2704 1053 2756 S.

418 2849 565 2901 Suetonius
581 2850 675 2900 artetes
692 2856 719 2901 to
737 2850 788 2911 toy
806 2864 823 2900 a
841 2851 909 2900 little
920 2851 1005 2914 sarm.

164 3020 193 3066 20
253 2994 465 3072 Tranquillus,
486 2994 718 3055 contubernalis
739 3014 835 3070 meus,
858 2995 927 3054 vult
948 3013 1049 3055 emere
1077 2995 1213 3072 agellum
1234 3009 1246 3052 1

213 3119 305 3178 quem
319 3100 482 3160 venditare
497 3100 615 3160 amicus
629 3105 702 3160 tuus
718 3100 841 3160 dicitur.
885 3100 973 3175 Rogo
994 3120 1083 3161 cures
1103 3101 1213 3178 quanti
1233 3113 1248 3157 2

213 3224 321 3265 aecum
349 3211 396 3265 est
424 3210 525 3264 emat:
564 3204 611 3264 ita
646 3205 729 3263 enim
758 3204 928 3264 delectabit
956 3205 1076 3265 emisse.
1128 3207 1212 3266 Nam

212 3311 296 3370 mala
322 3310 438 3387 emptio
467 3328 588 3387 semper
611 3309 742 3385 ingrata,
765 3327 801 3368 eo
828 3310 973 3385 maxime,
995 3311 1079 3387 quod
1106 3329 1213 3388 expro

213 3415 301 3475 brarc
323 3414 490 3474 stultitiam
513 3414 638 3473 domino
659 3414 792 3473 videtur.
836 3414 875 3473 In
895 3415 953 3473 hoc
975 3420 1080 3474 autem
1101 3415 1212 3491 agello,
1232 3431 1247 3475 3

163 3547 192 3592 25
213 3520 240 3579 si
267 3520 358 3578 modo
386 3519 532 3578 adriserit
559 3519 704 3596 pretium,
727 3518 903 3596 Tranquilli
928 3519 991 3579 mei
1018 3519 1212 3580 stomachum
1285 3567 1290 3577 .

211 3624 312 3683 multa
333 3623 513 3698 sollicitant,
535 3623 681 3683 vicinitas
703 3624 797 3697 urbis,
814 3624 1031 3701 opportunitas
1052 3624 1130 3699 viae,
1152 3643 1213 3683 me-

212 3729 359 3788 diocritas
386 3729 491 3804 villae,
517 3729 627 3789 modus
655 3729 745 3804 ruris,
771 3728 826 3806 qui
854 3734 962 3788 avocet
990 3728 1090 3806 magis
1118 3747 1212 3806 quam
