2782 4164
571 362 581 385 f
634 303 664 352 C.
688 301 786 351 PLINI

631 555 684 616 sa
713 552 785 635 (Π.)

369 688 567 765 ammius
590 712 700 763 Arrio
724 712 912 762 cornuum
935 710 1002 763 suo
1026 711 1052 762 s.

344 859 452 910 Absurd
463 861 609 921 mourntna
621 860 653 922 os
660 859 782 921 cerutus
789 861 839 923 for
850 860 893 909 bio
904 859 979 910 son's
990 860 1076 910 death.

252 1005 393 1081 Regulus
420 1004 522 1063 filium
547 1004 662 1080 amisit,
684 1004 743 1064 hoc
764 1024 827 1065 uno
847 1005 930 1064 malo
950 1005 1109 1081 indignus,
1132 1004 1216 1081 quod
1236 1015 1250 1061 1

211 1110 316 1170 neseio
344 1129 384 1169 an
411 1110 529 1169 malum
554 1116 652 1187 putet.
695 1111 773 1169 Erat
801 1128 877 1187 puer
904 1109 985 1169 acris
1012 1107 1133 1185 ingenii
1162 1109 1217 1168 sed

211 1214 359 1290 ambigui,
380 1214 435 1293 qui
455 1220 562 1273 tamen
583 1220 689 1292 posset
710 1220 796 1274 recta
816 1214 936 1288 sectari,
959 1213 987 1274 si
1007 1220 1128 1291 patrem
1153 1233 1217 1273 non

211 1320 352 1379 referret.
395 1320 490 1378 Hunc
518 1319 660 1395 Regulus
688 1318 909 1396 emancipavit,
931 1323 968 1378 ut
990 1318 1080 1379 heres
1105 1318 1251 1379 matris2

176 1424 382 1501 texisteret3
418 1424 629 1502 mancipatum
653 1424 712 1503 (ita
737 1424 833 1500 vulgo
854 1443 892 1483 ex
913 1423 1051 1484 moribus
1078 1423 1216 1484 hominis

211 1529 432 1611 loquebantur)
455 1529 548 1589 foeda
575 1535 608 1589 et
634 1529 764 1589 insolita
790 1529 974 1607 parentibus
1000 1528 1216 1605 indulgentiae

212 1635 412 1696 simulatione
432 1635 588 1713 captabat.
631 1635 831 1710 Incredibile,
850 1635 906 1695 sed
926 1635 1082 1710 Regulum
1104 1632 1215 1709 cogita.

212 1741 371 1801 Amissum
388 1747 495 1802 tamen
515 1741 603 1817 luget
623 1741 740 1801 insane.
784 1740 932 1800 Habebat
952 1759 1030 1818 puer
1050 1739 1216 1799 mannulos
1237 1751 1253 1796 3

212 1846 328 1906 multos
349 1853 381 1906 et
402 1847 524 1906 iunctos
547 1852 579 1905 et
600 1846 728 1921 solutos,
743 1846 879 1906 habebat
900 1863 992 1905 canes
1011 1844 1143 1905 maiores
1162 1844 1217 1903 mi-

164 1962 193 2008 10
212 1970 373 2031 noresque,
398 1952 534 2012 habebat
558 1953 717 2027 luscinias,
742 1952 903 2030 psittacos,
928 1951 1079 2011 merulas:
1108 1968 1216 2011 omnes

212 2057 352 2133 Regulus
380 2057 463 2117 circa
490 2076 598 2133 rogum
624 2057 801 2117 trucidavit.
844 2058 912 2116 Neo
941 2055 1029 2116 dolor
1056 2061 1124 2115 erat
1151 2054 1252 2129 ille,4

213 2162 267 2222 sed
289 2162 459 2222 ostentatio
480 2162 604 2222 doloris.
648 2163 840 2224 Convenitur
867 2162 908 2222 ad
936 2180 1007 2221 eum
1035 2160 1114 2220 mira
1140 2158 1218 2220 cele·

212 2266 336 2327 britate.
380 2267 492 2328 Cuncti
517 2268 713 2328 detestantur
741 2268 883 2342 oderunt,
907 2273 938 2326 et
961 2265 1051 2343 quasi
1074 2265 1216 2342 probent,

213 2372 302 2449 quasi
324 2372 467 2449 diligant,
483 2378 611 2432 cursant
631 2374 844 2451 frequentant,
860 2377 955 2449 utque
976 2370 1114 2432 breviter
1132 2371 1217 2448 quod

164 2488 192 2534 15
212 2477 315 2538 sentio
329 2477 498 2552 enuntiem,
519 2478 554 2536 in
574 2478 697 2552 Regulo
718 2477 904 2537 demerendo
922 2476 1079 2552 Regulum
1094 2475 1218 2535 imitan-

212 2587 272 2642 tur.
315 2584 415 2643 Tenet
436 2602 469 2642 se
489 2588 576 2643 trans
598 2581 736 2642 Tiberim
756 2582 791 2641 in
811 2582 922 2657 hortis,
942 2581 976 2640 in
998 2581 1110 2658 quibus
1132 2579 1218 2640 latis
1237 2591 1252 2637 t

213 2687 325 2748 simum
355 2688 456 2749 solum
484 2687 656 2765 porticibus
690 2686 849 2762 inmensis,
878 2687 979 2764 ripam
1008 2684 1122 2747 statuis
1151 2685 1217 2746 suis

213 2792 387 2870 occupavit,
415 2797 451 2851 ut
479 2799 527 2853 est
554 2791 589 2851 in
617 2811 738 2852 summa
773 2791 907 2851 avaritia
942 2796 1152 2869 sumptuosus,
1183 2789 1217 2849 in

214 2916 336 2958 summa
349 2896 484 2957 infamia
497 2896 659 2972 gloriosus.
702 2897 805 2957 Vexat
826 2915 899 2971 ergo
921 2895 1081 2956 civitatem
1102 2894 1218 2955 insalu·
1237 2906 1252 2951 6

164 3012 194 3058 co
214 3002 348 3062 berrimo
374 3008 523 3080 tempore,
545 3008 577 3061 et
598 3002 682 3079 quod
702 3007 796 3060 vexat
817 3000 966 3060 solacium
988 3006 1086 3078 putat.
1130 2999 1217 3059 Dicit

214 3126 247 3168 se
261 3107 342 3166 velle
357 3108 469 3167 ducere
484 3125 629 3166 uxorem:
651 3107 710 3165 hoc
724 3125 856 3183 quoqu-e,
872 3105 953 3166 sicut
974 3105 1045 3180 alia,
1061 3123 1215 3182 perverse.

213 3212 333 3272 Audies
361 3212 449 3273 brevi
477 3211 605 3289 nuptias
633 3210 779 3286 lugentis,
802 3211 928 3288 nuptias
954 3210 1054 3285 senis3
1084 3219 1251 3287 quorum?

214 3317 347 3378 alterum
375 3317 578 3376 immaturum
612 3316 746 3375 alterum
782 3334 884 3375 serum
919 3321 975 3375 est.
1033 3315 1127 3376 Unde
1158 3314 1252 3373 hocs

214 3441 348 3499 augurer
363 3421 503 3499 quaeris:
525 3440 589 3480 non
607 3420 681 3498 quia
697 3420 842 3479 adfirmat
863 3420 939 3497 ipse,
955 3439 1016 3497 quo
1037 3419 1218 3478 mendacius

164 3539 193 3586 at
213 3527 295 3586 nihil
316 3533 372 3602 est,
395 3527 449 3586 sed
472 3525 547 3603 quia
570 3531 690 3585 certum
711 3530 759 3585 est
779 3524 936 3600 Regulum
964 3543 1031 3585 esse
1059 3523 1217 3584 facturum

213 3631 370 3710 quidquid
383 3631 452 3690 fieri
466 3650 529 3690 non
544 3636 675 3709 oportet.
718 3631 805 3690 Vale.
