2782 4164
191 289 233 355 14
613 303 643 357 c.
667 303 767 355 rnuu

190 475 298 534 hortor
312 481 344 535 et
358 494 476 535 moneo.
511 477 623 552 Neque
637 474 722 534 enim
736 473 829 534 debet
843 474 987 552 operibus
1003 473 1070 534 eius
1084 475 1193 535 obesse
1212 485 1228 531 s

191 580 274 657 quod
301 580 390 640 vivit.
443 579 496 639 An
520 580 548 640 si
572 580 655 639 inter
680 598 731 639 eos
759 598 837 656 quos
862 598 1033 656 numquam
1056 579 1193 639 vidimus

190 685 356 762 floruisset,
378 706 441 746 non
463 687 563 747 solum
584 685 680 746 libros
702 685 769 745 eius
791 704 899 744 verum
923 685 1019 744 etiam
1040 685 1192 760 imagines

191 791 435 868 requireremus3
458 793 598 853 eiusdem
618 810 701 851 nuno
722 790 820 851 honor
841 790 1016 868 praesentis
1038 797 1071 851 ot
1092 791 1193 866 gratia

145 908 171 953 =o
191 896 282 974 quasi
296 897 441 957 satietate
455 897 654 974 languescit?
684 896 729 956 At
742 896 799 955 hoc
814 915 946 974 pravum
959 895 1192 973 malignumque
1212 908 1227 954 9

191 1008 248 1077 est,
276 1021 340 1061 non
367 1002 515 1062 admirari
542 1002 700 1061 hominem
731 1000 935 1061 admiratione
963 1000 1191 1076 dignissimum,

105 1156 108 1161 .
191 1107 267 1185 quia
286 1107 402 1182 videre,
418 1107 555 1184 adloqui,
570 1106 689 1182 audire,
707 1106 880 1184 complecti,
900 1124 956 1164 nec
978 1105 1106 1165 laudare
1126 1111 1193 1165 tan·

190 1215 259 1271 tum
272 1230 380 1271 verum
394 1211 489 1272 etiam
503 1230 606 1272 amare
621 1211 761 1287 contigit.
796 1209 883 1272 Vale.

541 1459 624 1529 >ra
653 1455 808 1537 (xum.)

289 1622 318 1721 O:
344 1619 488 1672 PLINIUS
512 1619 690 1670 SUETONIO
713 1618 950 1680 TRANQUILLO
973 1619 1041 1670 SUO
1064 1620 1092 1671 S.

193 1764 339 1818 Suetonius
351 1766 375 1814 is
387 1763 508 1814 clarmed
521 1763 581 1825 opo
599 1763 698 1812 dream.
736 1763 818 1824 Pliny
836 1775 972 1812 recreares
989 1763 1045 1812 him
1056 1763 1132 1826 from
1149 1765 1192 1814 bis

578 1867 636 1903 own
648 1853 806 1914 experiente.

232 1987 348 2048 Scribis
361 1992 393 2046 te
408 1985 608 2064 perterritum
623 1985 743 2045 somnio
757 1985 858 2044 vereri
872 2004 912 2045 ne
926 1985 1003 2063 quid
1017 1967 1142 2072 adversi
1158 1987 1191 2045 in
1212 2001 1225 2047 1

141 2104 171 2150 10
191 2094 312 2154 actione
333 2091 473 2170 patiaris,
491 2108 582 2166 rogas
602 2095 639 2149 ut
660 2089 842 2150 dilationem
863 2095 968 2168 petam
989 2097 1021 2151 et
1042 2091 1191 2169 pauculos

191 2199 266 2274 dies,
288 2205 372 2259 certe
392 2197 580 2276 proximum,
600 2214 753 2256 excusem.
797 2194 933 2254 Difficile
954 2203 1010 2271 est,
1026 2197 1081 2256 sed
1102 2215 1191 2274 expe·

176 2303 269 2372 ,riart
292 2306 336 2364 καὶ
351 2307 405 2384 γάρ
419 2302 444 2362 τ’
457 2303 524 2379 ὄναρ
539 2305 570 2361 ἐκ
585 2302 652 2365 Διός
668 2304 755 2362 ἔστιν.
797 2298 909 2360 Refert
923 2306 1192 2376 tamenqeventura
1210 2307 1225 2353 2

190 2409 290 2470 soleas
311 2428 350 2469 an
371 2406 527 2467 contraria
549 2406 710 2466 somniare.
753 2404 835 2464 Mihi
856 2405 1015 2483 reputanti
1037 2407 1190 2466 somnium

189 2514 394 2601 meumj'stud
409 2514 493 2592 quod
506 2514 599 2575 times
613 2515 820 2602 tqegregiam
834 2514 987 2574 actionem
1004 2513 1190 2591 portendere

141 2626 169 2672 1o
189 2619 322 2680 videtur.
367 2619 569 2697 Susceperam
590 2638 716 2679 causam
740 2619 813 2678 Iuni
841 2619 1083 2692 Pastoriacum
1111 2616 1190 2676 mihi
1210 2620 1225 2665 3

190 2724 365 2803 quiescenti
379 2725 448 2784 visa
461 2730 510 2784 est
525 2742 631 2785 socrus
652 2742 722 2783 mea
742 2724 892 2784 advoluta
912 2723 1043 2800 genibus
1064 2741 1103 2782 ne
1124 2740 1191 2798 age-

189 2848 255 2889 rem
276 2831 445 2891 obsecrare.
487 2830 531 2889 Et
551 2848 634 2890 eram
657 2828 1057 2919 acturusffcdulesoentulus
1079 2827 1189 2915 adhuq,

189 2954 274 2995 eram
295 2935 329 2994 in
350 2934 549 3012 quadruplici
570 2934 694 3010 iudicio,
716 2953 801 2994 eram
822 2939 931 2993 contra
954 2932 1189 3011 potentissimos

188 3040 328 3101 civitatis
356 3046 450 3118 atque
481 3039 575 3099 etiam
611 3039 753 3100 Caesaris
788 3039 920 3113 amicos;
953 3057 1032 3117 quae
1067 3037 1191 3113 singula

139 3154 169 3201 ao
188 3152 333 3206 excutere
360 3151 497 3205 mentem
521 3144 600 3203 mihi
628 3150 699 3222 post
723 3149 788 3204 tam
812 3143 903 3203 triste
928 3142 1082 3203 somnium
1107 3148 1190 3221 pote-

188 3255 268 3311 rant.
311 3249 371 3326 Egi
392 3255 498 3310 tamen
518 3253 703 3330 λογισάμενος
724 3248 805 3308 illud
1208 3255 1224 3299 4

366 3391 405 3453 εἶς
420 3391 512 3452 οἰωνὸς
526 3390 640 3467 ἄριστος
654 3389 808 3465 ἀμύνασθαι
822 3390 885 3466 περὶ
898 3392 1016 3467 πάτρης.

187 3496 269 3587 Nam
286 3526 365 3586 mihi
379 3526 482 3604 patria
496 3532 528 3586 et
542 3527 569 3587 si
584 3526 661 3604 quid
678 3526 780 3586 carius
801 3509 879 3587 ii'des
901 3526 1074 3586 videbatur.
1117 3525 1189 3583 Pro

190 3651 279 3711 spere
293 3632 396 3707 cessit,
413 3637 506 3709 atque
528 3631 690 3725 Qiqqfflq
702 3631 784 3691 actio
804 3631 883 3690 mihi
905 3649 994 3691 aures
1015 3629 1187 3702 hominum,

139 3748 168 3794 ao
189 3736 246 3797 illa
260 3736 386 3796 ianuam
399 3736 503 3796 famae
517 3736 675 3815 patefecit.
719 3736 855 3796 Proinde
872 3735 989 3813 dispice
1007 3740 1099 3793 antu
1117 3753 1189 3811 quo
1208 3747 1222 3792 5
