2782 4164
517 306 781 359 nrmrunaaou
805 308 867 359 vn.
887 309 929 359 11.
1183 298 1226 363 99

218 484 284 554 tus,
300 485 408 541 monet
426 485 464 541 ut
484 479 575 541 illum
595 481 697 541 locum
718 480 814 541 effodi
834 480 971 542 iubeant
1014 480 1226 542 Inveniuntur

219 601 294 646 0666
305 583 426 645 11166116
438 585 557 647 catenis
568 591 601 646 ct
611 584 765 664 inplicita,
776 604 857 664 quae
867 605 979 664 corpus
993 605 1071 647 aevo
1081 592 1225 664 terraque

219 689 435 769 putrefactum
455 690 541 751 nuda
560 696 592 751 et
613 710 707 752 exesa
727 691 897 770 reliquerat
917 690 1068 752 vinculis:
1094 691 1226 752 collecta

165 815 198 862 12
219 793 345 874 publice
366 795 569 874 sepeliuntur.
613 797 732 857 Domus
756 802 866 874 postea
889 796 949 856 rite
970 796 1105 858 conditis
1129 797 1226 857 mani-

219 900 280 962 bus
297 900 407 961 caruit
449 901 493 961 Et
512 900 590 961 haec
611 901 739 980 quidem
756 900 994 962 adfirmantibus
1013 903 1121 962 credo:
1144 902 1225 963 illud
1242 915 1259 962 c

218 1004 387 1067 adfirmare
400 1005 473 1067 aliis
487 1025 622 1084 possum.
664 1007 725 1067 Est
739 1006 872 1068 libertus
889 1006 978 1082 mihi,
993 1026 1055 1066 non
1073 1007 1225 1068 inlittera-

218 1117 281 1171 tus.
324 1111 403 1173 (lum
421 1110 480 1171 hoc
497 1112 599 1171 minor
618 1111 717 1172 frater
734 1112 842 1172 eodem
860 1112 941 1172 lecto
960 1112 1146 1190 quiescebat.
1189 1113 1223 1174 Is

220 1216 308 1278 visus
329 1222 379 1278 cst
403 1216 464 1277 sibi
485 1235 611 1276 cernere
636 1216 792 1296 quendam
816 1217 850 1276 in
874 1223 943 1277 toro
963 1217 1151 1278 residentem
1173 1219 1225 1279 ad-

217 1326 459 1400 moventemque
486 1321 584 1400 capiti
612 1340 669 1382 suo
696 1321 814 1382 cultros
842 1328 937 1399 atque
965 1322 1060 1382 etiam
1088 1340 1127 1381 ex
1154 1323 1223 1401 ipso

217 1426 336 1487 vertice
364 1432 578 1505 amputantem
606 1426 745 1504 capillos.
795 1426 861 1488 Ubi
888 1426 1013 1500 inluxit,
1046 1427 1113 1505 ipse
1140 1428 1224 1488 circa
1242 1446 1271 1492 10

165 1546 198 1593 1³
218 1531 368 1592 verticem
387 1537 506 1607 tonsus,
528 1531 636 1609 capilli
657 1531 795 1591 iacentes
816 1532 1022 1610 reperiuntur.
1064 1532 1222 1608 Exiguum

216 1636 369 1715 temporis
396 1636 544 1710 medium,
572 1643 605 1695 et
631 1656 738 1696 rursus
763 1635 867 1696 simile
895 1636 982 1697 aliud
1006 1636 1103 1714 priori
1127 1636 1222 1696 fidem

216 1742 305 1802 fecit.
346 1743 430 1801 Puer
454 1741 488 1800 in
512 1740 703 1818 paedagogio
727 1741 845 1800 mixtus
866 1740 1009 1818 pluribus
1031 1741 1220 1803 dormiebat:

217 1853 372 1907 venerunt
392 1865 448 1925 per
468 1846 625 1905 fenestras
649 1845 708 1925 (ita
723 1847 843 1927 narrat)
866 1845 900 1904 in
921 1846 1036 1907 tunicis
1058 1846 1138 1906 albis
1159 1847 1222 1907 duo

215 1952 445 2031 cubantemque
466 1951 685 2025 detonderunt,
707 1956 739 2010 et
760 1969 823 2028 qua
843 1956 993 2010 venerant
1016 1957 1218 2012 recesserunt.
1241 1968 1269 2014 16

216 2058 313 2117 Hunc
341 2075 464 2134 quoque
491 2062 617 2116 tonsum
653 2073 838 2133 sparsosque
870 2055 953 2116 circa
987 2055 1118 2134 capillos
1153 2056 1220 2117 dies

166 2175 196 2221 14
217 2162 364 2223 ostendit.
416 2161 508 2221 Nihil
529 2161 668 2220 notabile
690 2167 840 2235 secutum,
862 2160 926 2220 nisi
945 2161 1029 2220 forte
1049 2161 1133 2239 quod
1157 2180 1221 2221 non

217 2266 267 2327 fui
280 2285 360 2343 reus,
375 2268 512 2341 futurus,
528 2266 555 2326 61
570 2266 780 2340 Domitianus,
792 2265 850 2325 sub
865 2284 926 2343 quo
940 2245 1016 2324 haec
1031 2265 1219 2340 acciderunt,

218 2372 337 2433 diutius
357 2372 499 2433 vixisset.
540 2372 624 2431 Nam
646 2371 679 2429 in
701 2370 815 2430 scrinio
837 2370 903 2430 eius
926 2371 1018 2431 datus
1039 2389 1059 2430 a
1079 2371 1158 2432 Caro
1181 2370 1221 2430 de

217 2495 267 2537 me
284 2477 411 2538 libellus
433 2477 579 2536 inventus
598 2481 662 2550 est3
688 2494 727 2534 ex
747 2493 808 2552 quo
829 2474 996 2535 coniectari
1019 2481 1130 2552 potest,
1146 2475 1221 2554 quia
1239 2493 1269 2540 20

217 2581 279 2642 reis
293 2582 388 2642 moris
403 2587 451 2642 661
466 2580 660 2640 summittere
674 2579 832 2657 capillum,
844 2579 959 2640 recisos
974 2598 1112 2638 meorum
1127 2580 1226 2657 capilf

217 2686 265 2747 los
293 2686 416 2764 depulsi
451 2685 534 2764 quod
567 2685 752 2744 imminebat
786 2684 918 2763 periculi
953 2684 1076 2760 signum
1110 2683 1218 2745 fuisse.

166 2810 197 2856 15
217 2791 353 2851 Proinde
381 2810 455 2866 rogo
483 2790 691 2849 eruditionem
718 2795 805 2848 tuam
834 2788 987 2848 intendas.
1040 2788 1144 2866 Digna
1170 2807 1219 2849 res

217 2901 267 2957 661
293 2915 387 2974 quam
415 2895 470 2955 din
497 2895 694 2971 multumque
722 2893 916 2954 consideres:
948 2912 987 2953 ne
1012 2912 1068 2969 ego
1092 2894 1219 2971 quidem

166 3018 198 3064 16
217 3001 366 3078 indignus
391 3001 441 3060 cui
458 3000 578 3077 copiam
600 2999 749 3059 scientiae
770 3003 843 3058 tuae
864 2998 970 3058 facias.
1014 2998 1103 3058 Licet
1124 2997 1219 3057 etiam
1238 3020 1267 3066 25

216 3112 382 3184 utramque
403 3106 437 3164 in
457 3110 587 3182 partem,
602 3109 639 3163 ut
660 3103 750 3177 soles,
768 3103 920 3180 disputes,
936 3121 974 3161 ex
995 3102 1094 3162 altera
1114 3108 1219 3162 tamen

217 3212 341 3286 fortius,
366 3228 407 3269 ne
435 3228 484 3269 me
512 3227 697 3285 suspensum
725 3207 940 3285 incertumque
969 3206 1120 3281 dimittas
1149 3226 1219 3266 cum

216 3315 296 3376 mihi
324 3313 507 3376 consulendi
536 3331 629 3373 causa
662 3310 761 3370 fuerit
787 3315 824 3370 ut
857 3309 1001 3371 dubitare
1035 3310 1217 3372 desinerem.

217 3421 303 3483 Vale.
423 3496 431 3508 ἦ
