2782 4164
645 308 678 361 G.
698 309 799 360 PLINI

585 545 638 608 sa
667 544 856 625 (xxxnr.)

472 721 502 772 c.
528 682 673 773 rnnuus
696 720 830 773 rscrro
853 721 922 774 suo
945 721 971 775 s.

281 870 363 932 Pliny
374 868 468 920 wishes
478 874 506 920 to
519 869 549 919 bc
560 869 759 919 immortalized
768 871 799 919 in
811 869 854 920 the
866 870 991 921 hicterico
1002 871 1036 935 os
1047 870 1166 923 Tacitus.

259 1015 415 1091 Auguror,
429 1031 486 1074 nec
500 1031 551 1073 me
565 1012 653 1073 fallit
667 1013 841 1090 augurium,
853 1014 1003 1076 historias
1016 1020 1089 1077 tuas
1103 1015 1226 1076 immor-
1244 1022 1257 1067 ¹

219 1119 301 1181 tales
324 1120 466 1195 futuras3
498 1137 560 1196 quo
583 1118 684 1194 magis
711 1117 787 1192 iliis,
811 1118 946 1195 ingenue
969 1119 1103 1197 fatebor,
1127 1119 1225 1181 inseri

220 1225 319 1303 cupio.
362 1225 447 1284 Nam
467 1223 494 1284 si
515 1241 584 1284 esse
608 1223 698 1284 nobis
721 1242 812 1283 curae
835 1223 914 1284 solet
935 1230 972 1284 ut
993 1224 1092 1286 facies
1115 1231 1225 1287 nostra
1243 1239 1259 1284 a

220 1330 260 1391 ab
282 1329 400 1408 optimo
414 1346 551 1406 ·quoque
575 1327 695 1388 artifice
720 1328 923 1406 exprimatur,
947 1348 1051 1390 nonne
1075 1329 1224 1392 debemus

185 1453 201 1500 c
220 1441 328 1514 optare
347 1439 384 1495 ut
404 1434 549 1513 operibus
570 1433 686 1494 nostris
708 1433 821 1495 similis
841 1434 890 1494 tui
911 1435 1046 1513 scriptor
1066 1436 1224 1514 praediea·

219 1546 331 1619 torque
363 1539 549 1615 contingat?
611 1540 799 1599 Demonstro
826 1557 909 1616 ergo,
937 1559 1128 1618 quamquam
1154 1541 1258 1602 cili-a

220 1644 358 1722 gentiam
385 1650 473 1704 tuam
500 1644 609 1720 fugere
636 1641 699 1704 non
723 1644 833 1723 possit,
857 1663 929 1705 cum
956 1645 1000 1705 sit
1026 1645 1060 1705 in
1087 1646 1224 1724 publicis

220 1750 309 1825 actis,
324 1749 503 1809 demonstro
517 1754 632 1824 tamen,
647 1767 709 1827 quo
722 1749 822 1826 magis
835 1750 945 1810 credas
959 1749 1129 1810 iucundum
1144 1750 1224 1813 mihi

220 1855 373 1930 futurum,
396 1854 423 1914 si
447 1854 567 1913 factum
588 1872 701 1929 meum,
724 1853 813 1914 euius
833 1854 936 1930 gratia
955 1854 1094 1932 periculo
1115 1854 1223 1933 crevit,

173 1973 202 2020 10
219 1965 275 2019 tuo
295 1958 430 2035 ingenio,
451 1964 507 2018 tuo
527 1957 709 2018 testimonio
728 1959 897 2020 ornaveris.
947 1959 1087 2020 Dederat
1107 1978 1158 2020 me
1179 1973 1257 2021 sec

219 2070 314 2124 natus
340 2082 411 2124 oum
442 2062 604 2122 Herennio
633 2063 802 2123 Senecione
829 2063 1016 2124 advocatum
1042 2064 1223 2143 provinciae

221 2169 367 2230 Baeticae
395 2173 504 2229 contra
527 2167 679 2228 Baebium
706 2169 854 2245 Massam,
879 2169 1089 2249 damnatoque
1116 2170 1224 2231 Massa

220 2280 384 2335 censuerat
403 2279 441 2334 ut
460 2272 542 2334 bona
562 2273 629 2334 eius
653 2273 778 2352 publice
800 2273 1040 2334 custodirentur.
1084 2274 1222 2351 Senecio,

220 2397 291 2440 cum
310 2379 504 2458 explorasset
521 2377 665 2439 consules
682 2377 948 2456 postulationibus
966 2386 1140 2456 vacaturos,
1155 2398 1224 2440 con-

173 2500 202 2547 16
220 2483 309 2545 venit
336 2503 385 2544 me
412 2491 445 2545 et
473 2490 552 2564 ‘qua
577 2485 759 2546 concordia'
783 2484 889 2563 inquit
913 2483 1104 2546 ‘iniunctam
1131 2483 1222 2546 nobis

221 2590 449 2650 accusationem
463 2590 603 2651 exsecuti
619 2608 734 2666 sumus,
745 2589 805 2650 hac
819 2590 967 2651 adeamus
980 2589 1123 2650 consules
1137 2594 1223 2668 peta-

221 2712 351 2772 musque
365 2713 405 2755 ne
418 2694 500 2756 bona
513 2694 662 2773 dissipari
681 2694 787 2755 sinant
805 2714 936 2773 quorum
950 2712 1018 2755 esse
1031 2693 1067 2754 in
1079 2693 1223 2755 custodia

221 2799 356 2860 debent!
397 2799 559 2877 Respondi
580 2804 668 2860 ‘cum
691 2799 788 2861 simus
809 2798 953 2861 advocati
973 2819 993 2860 a
1013 2804 1125 2859 senatu
1145 2799 1221 2875 dati,
1240 2814 1256 2861 c

222 2905 341 2984 dispice
358 2924 433 2964 num
450 2911 592 2983 peractas
609 2911 701 2983 putes
717 2910 822 2983 partes
839 2911 962 2966 nostras
979 2910 1107 2966 senatus
1120 2903 1223 2981 cogni-

172 3022 203 3069 cc
220 3010 306 3071 tione
333 3009 442 3070 finita'
496 3011 538 3071 Et
566 3010 621 3071 ille
649 3016 702 3070 ‘tu
732 3030 824 3091 quem
852 3010 939 3071 voles
965 3010 1025 3070 tibi
1051 3009 1221 3070 terminum

222 3121 350 3188 statues,
378 3116 430 3174 cui
457 3115 546 3175 nulla
572 3135 643 3175 cum
677 3116 840 3194 provincia
867 3115 1066 3176 necessitudo
1092 3114 1156 3175 nisi
1183 3133 1222 3175 ex

221 3219 371 3282 beneficio
384 3226 448 3296 tuo,
463 3226 495 3280 et
507 3220 567 3280 hoc
581 3221 716 3281 recenti:
738 3220 806 3300 ipse
817 3227 849 3281 et
862 3227 955 3281 natus
970 3219 1015 3281 ibi
1029 3225 1062 3281 et
1076 3224 1223 3299 quaestor

221 3326 256 3385 in
269 3345 307 3387 sa
319 3325 388 3386 fui!
430 3327 510 3386 Tum
524 3344 580 3404 ego
595 3327 640 3387 ‘si
654 3326 752 3386 fixum
769 3327 829 3387 tibi
845 3326 932 3387 istud
950 3345 986 3386 ac
1005 3324 1222 3402 deliberatum,
1240 3338 1256 3384 c

222 3450 334 3510 sequar
355 3437 395 3508 te,
416 3438 462 3507 ut,
484 3431 511 3492 si
530 3451 593 3510 qua
614 3450 653 3492 ex
673 3432 732 3492 hoo
756 3431 887 3506 invidia,
911 3449 974 3490 non
998 3436 1123 3490 tantum
1146 3429 1221 3491 tua'

175 3549 202 3596 tc
221 3536 375 3598 Venimus
399 3537 440 3597 ad
464 3537 616 3613 consules,
641 3537 718 3597 dicit
743 3536 872 3597 Senecio
896 3554 976 3616 quae
1004 3554 1054 3598 res
1081 3535 1256 3596 ferebatzt

221 3641 328 3719 aliqua
362 3641 523 3718 subiungo.
585 3641 723 3701 Vixdum
758 3641 1014 3716 conticueramus,
1049 3646 1082 3701 et
1115 3640 1223 3700 Massa

222 3756 352 3826 questus
367 3746 567 3807 Senecionem
582 3765 645 3806 non
664 3746 807 3807 advocati
826 3747 921 3807 fidem
938 3747 994 3808 sed
1007 3743 1128 3807 inimici
1140 3762 1223 3806 ama·
