<?xml version="1.0" encoding="UTF-8"?>
<!DOCTYPE html PUBLIC "-//W3C//DTD XHTML 1.0 Transitional//EN"
    "http://www.w3.org/TR/xhtml1/DTD/xhtml1-transitional.dtd">
<html xmlns="http://www.w3.org/1999/xhtml" xml:lang="en" lang="en">
 <head>
  <title>
</title>
<meta http-equiv="Content-Type" content="text/html;charset=utf-8" />
  <meta name='ocr-system' content='tesseract 3.04.00' />
  <meta name='ocr-capabilities' content='ocr_page ocr_carea ocr_par ocr_line ocrx_word'/>
</head>
<body>
  <div class='ocr_page' id='page_1' title='image "./cplinisecundiep00plingoog_0120.png"; bbox 0 0 2782 4164; ppageno 0'>
   <div class='ocr_carea' id='block_1_1' title="bbox 519 306 1209 374">
    <p class='ocr_par' dir='ltr' id='par_1_1' title="bbox 519 306 1209 374">
     <span class='ocr_line' id='line_1_1' title="bbox 519 306 1209 374; baseline 0.006 -4"><span class='ocrx_word' id='word_1_1' title='bbox 519 320 781 372; x_wconf 75' lang='lat' dir='ltr'><strong>nrrsrunaauu</strong></span> <span class='ocrx_word' id='word_1_2' title='bbox 807 321 837 370; x_wconf 92' lang='lat' dir='ltr'><strong>v.</strong></span> <span class='ocrx_word' id='word_1_3' title='bbox 859 320 899 372; x_wconf 91' lang='lat'><strong>10.</strong></span> <span class='ocrx_word' id='word_1_4' title='bbox 1168 306 1209 374; x_wconf 76' lang='lat'><strong>⁷1</strong></span> 
     </span>
    </p>
   </div>
   <div class='ocr_carea' id='block_1_2' title="bbox 164 466 1256 2649">
    <p class='ocr_par' dir='ltr' id='par_1_2' title="bbox 164 466 1256 2649">
     <span class='ocr_line' id='line_1_2' title="bbox 204 466 1210 568; baseline 0.002 -18"><span class='ocrx_word' id='word_1_5' title='bbox 204 489 317 551; x_wconf 82' lang='lat' dir='ltr'><strong>acerba</strong></span> <span class='ocrx_word' id='word_1_6' title='bbox 340 466 462 568; x_wconf 81' lang='lat' dir='ltr'><strong>semper</strong></span> <span class='ocrx_word' id='word_1_7' title='bbox 486 497 517 551; x_wconf 88' lang='lat' dir='ltr'><strong>et</strong></span> <span class='ocrx_word' id='word_1_8' title='bbox 539 491 698 551; x_wconf 86' lang='lat' dir='ltr'><strong>inmatura</strong></span> <span class='ocrx_word' id='word_1_9' title='bbox 722 510 804 552; x_wconf 89' lang='lat' dir='ltr'><strong>mors</strong></span> <span class='ocrx_word' id='word_1_10' title='bbox 826 510 931 551; x_wconf 91' lang='lat' dir='ltr'><strong>eorum</strong></span> <span class='ocrx_word' id='word_1_11' title='bbox 955 490 1009 568; x_wconf 92' lang='lat' dir='ltr'><strong>qui</strong></span> <span class='ocrx_word' id='word_1_12' title='bbox 1033 490 1210 552; x_wconf 75' lang='lat' dir='ltr'><strong>immortale</strong></span> 
     </span>
     <span class='ocr_line' id='line_1_3' title="bbox 204 593 1210 675; baseline 0.001 -21"><span class='ocrx_word' id='word_1_13' title='bbox 204 593 328 672; x_wconf 88' lang='lat' dir='ltr'><strong>aliquid</strong></span> <span class='ocrx_word' id='word_1_14' title='bbox 348 601 469 672; x_wconf 84' lang='lat' dir='ltr'><strong>parant.</strong></span> <span class='ocrx_word' id='word_1_15' title='bbox 511 596 595 656; x_wconf 87' lang='lat' dir='ltr'><strong>Nam</strong></span> <span class='ocrx_word' id='word_1_16' title='bbox 618 597 673 673; x_wconf 90' lang='lat' dir='ltr'><strong>qui</strong></span> <span class='ocrx_word' id='word_1_17' title='bbox 701 596 918 675; x_wconf 83' lang='lat' dir='ltr'><strong>voluptatibus</strong></span> <span class='ocrx_word' id='word_1_18' title='bbox 943 596 1043 655; x_wconf 91' lang='lat' dir='ltr'><strong>dediti</strong></span> <span class='ocrx_word' id='word_1_19' title='bbox 1065 595 1155 673; x_wconf 92' lang='lat' dir='ltr'><strong>quasi</strong></span> <span class='ocrx_word' id='word_1_20' title='bbox 1174 596 1210 656; x_wconf 92' lang='lat' dir='ltr'><strong>in</strong></span> 
     </span>
     <span class='ocr_line' id='line_1_4' title="bbox 204 699 1209 778; baseline 0.002 -20"><span class='ocrx_word' id='word_1_21' title='bbox 204 699 290 759; x_wconf 89' lang='lat' dir='ltr'><strong>diem</strong></span> <span class='ocrx_word' id='word_1_22' title='bbox 317 699 430 760; x_wconf 84' lang='lat' dir='ltr'><strong>vivunt</strong></span> <span class='ocrx_word' id='word_1_23' title='bbox 458 700 586 761; x_wconf 89' lang='lat' dir='ltr'><strong>vivendi</strong></span> <span class='ocrx_word' id='word_1_24' title='bbox 613 720 724 762; x_wconf 79' lang='lat' dir='ltr'>causas</span> <span class='ocrx_word' id='word_1_25' title='bbox 748 702 864 761; x_wconf 90' lang='lat' dir='ltr'><strong>cotidie</strong></span> <span class='ocrx_word' id='word_1_26' title='bbox 888 701 1020 776; x_wconf 91' lang='lat' dir='ltr'><strong>finiunt;</strong></span> <span class='ocrx_word' id='word_1_27' title='bbox 1056 701 1110 778; x_wconf 93' lang='lat' dir='ltr'><strong>qui</strong></span> <span class='ocrx_word' id='word_1_28' title='bbox 1135 720 1209 761; x_wconf 85' lang='lat' dir='ltr'><strong>vero</strong></span> 
     </span>
     <span class='ocr_line' id='line_1_5' title="bbox 203 805 1208 884; baseline 0.001 -21"><span class='ocrx_word' id='word_1_29' title='bbox 203 810 346 882; x_wconf 88' lang='lat' dir='ltr'><strong>posteros</strong></span> <span class='ocrx_word' id='word_1_30' title='bbox 366 805 508 882; x_wconf 81' lang='lat' dir='ltr'><strong>cogitant</strong></span> <span class='ocrx_word' id='word_1_31' title='bbox 528 812 560 866; x_wconf 90' lang='lat' dir='ltr'><strong>et</strong></span> <span class='ocrx_word' id='word_1_32' title='bbox 585 807 766 867; x_wconf 85' lang='lat' dir='ltr'><strong>memoriam</strong></span> <span class='ocrx_word' id='word_1_33' title='bbox 788 806 836 867; x_wconf 90' lang='lat' dir='ltr'><strong>sui</strong></span> <span class='ocrx_word' id='word_1_34' title='bbox 858 806 1004 884; x_wconf 81' lang='lat' dir='ltr'>operibus</span> <span class='ocrx_word' id='word_1_35' title='bbox 1025 807 1208 881; x_wconf 85' lang='lat' dir='ltr'><strong>extendunt,</strong></span> 
     </span>
     <span class='ocr_line' id='line_1_6' title="bbox 202 909 1242 989; baseline -0.004 -21"><span class='ocrx_word' id='word_1_36' title='bbox 202 909 255 970; x_wconf 91' lang='lat' dir='ltr'><strong>his</strong></span> <span class='ocrx_word' id='word_1_37' title='bbox 269 909 358 971; x_wconf 90' lang='lat' dir='ltr'><strong>nulla</strong></span> <span class='ocrx_word' id='word_1_38' title='bbox 375 929 459 971; x_wconf 88' lang='lat' dir='ltr'><strong>mors</strong></span> <span class='ocrx_word' id='word_1_39' title='bbox 477 931 541 971; x_wconf 92' lang='lat' dir='ltr'><strong>non</strong></span> <span class='ocrx_word' id='word_1_40' title='bbox 554 912 720 989; x_wconf 89' lang='lat' dir='ltr'><strong>repentina</strong></span> <span class='ocrx_word' id='word_1_41' title='bbox 734 917 790 986; x_wconf 90' lang='lat' dir='ltr'><strong>est,</strong></span> <span class='ocrx_word' id='word_1_42' title='bbox 805 916 842 971; x_wconf 92' lang='lat' dir='ltr'><strong>ut</strong></span> <span class='ocrx_word' id='word_1_43' title='bbox 856 930 936 988; x_wconf 92' lang='lat' dir='ltr'><strong>quae</strong></span> <span class='ocrx_word' id='word_1_44' title='bbox 951 929 1073 988; x_wconf 79' lang='lat' dir='ltr'><strong>semper</strong></span> <span class='ocrx_word' id='word_1_45' title='bbox 1087 910 1209 970; x_wconf 89' lang='lat' dir='ltr'><strong>incoha-</strong></span> <span class='ocrx_word' id='word_1_46' title='bbox 1228 918 1242 964; x_wconf 82' lang='lat' dir='ltr'><strong>o</strong></span> 
     </span>
     <span class='ocr_line' id='line_1_7' title="bbox 166 1014 1210 1094; baseline 0 -20"><span class='ocrx_word' id='word_1_47' title='bbox 166 1029 182 1074; x_wconf 81' lang='lat' dir='ltr'><strong>e</strong></span> <span class='ocrx_word' id='word_1_48' title='bbox 202 1019 272 1074; x_wconf 89' lang='lat' dir='ltr'><strong>turn</strong></span> <span class='ocrx_word' id='word_1_49' title='bbox 286 1014 408 1092; x_wconf 85' lang='lat' dir='ltr'><strong>aliquid</strong></span> <span class='ocrx_word' id='word_1_50' title='bbox 422 1016 595 1094; x_wconf 89' lang='lat' dir='ltr'><strong>abrumpat.</strong></span> <span class='ocrx_word' id='word_1_51' title='bbox 625 1017 724 1078; x_wconf 88' lang='lat' dir='ltr'><strong>Gaius</strong></span> <span class='ocrx_word' id='word_1_52' title='bbox 739 1017 865 1094; x_wconf 89' lang='lat' dir='ltr'><strong>quidem</strong></span> <span class='ocrx_word' id='word_1_53' title='bbox 876 1016 1026 1090; x_wconf 84' lang='lat' dir='ltr'><strong>Fannius,</strong></span> <span class='ocrx_word' id='word_1_54' title='bbox 1039 1016 1122 1092; x_wconf 91' lang='lat' dir='ltr'><strong>quod</strong></span> <span class='ocrx_word' id='word_1_55' title='bbox 1132 1015 1210 1075; x_wconf 89' lang='lat' dir='ltr'><strong>acci-</strong></span> 
     </span>
     <span class='ocr_line' id='line_1_8' title="bbox 203 1119 1209 1199; baseline 0.001 -21"><span class='ocrx_word' id='word_1_56' title='bbox 203 1119 262 1194; x_wconf 93' lang='lat' dir='ltr'><strong>dit,</strong></span> <span class='ocrx_word' id='word_1_57' title='bbox 276 1120 377 1180; x_wconf 92' lang='lat' dir='ltr'><strong>multo</strong></span> <span class='ocrx_word' id='word_1_58' title='bbox 391 1127 465 1181; x_wconf 89' lang='lat' dir='ltr'><strong>ante</strong></span> <span class='ocrx_word' id='word_1_59' title='bbox 479 1121 662 1199; x_wconf 82' lang='lat' dir='ltr'><strong>praesensit.</strong></span> <span class='ocrx_word' id='word_1_60' title='bbox 705 1122 800 1183; x_wconf 91' lang='lat' dir='ltr'><strong>Visus</strong></span> <span class='ocrx_word' id='word_1_61' title='bbox 815 1127 864 1181; x_wconf 90' lang='lat' dir='ltr'><strong>est</strong></span> <span class='ocrx_word' id='word_1_62' title='bbox 878 1122 938 1182; x_wconf 90' lang='lat' dir='ltr'><strong>sibi</strong></span> <span class='ocrx_word' id='word_1_63' title='bbox 953 1139 1008 1198; x_wconf 91' lang='lat' dir='ltr'><strong>per</strong></span> <span class='ocrx_word' id='word_1_64' title='bbox 1024 1126 1209 1180; x_wconf 83' lang='lat' dir='ltr'><strong>nocturnam</strong></span> 
     </span>
     <span class='ocr_line' id='line_1_9' title="bbox 203 1224 1207 1304; baseline 0.001 -20"><span class='ocrx_word' id='word_1_65' title='bbox 203 1224 343 1302; x_wconf 88' lang='lat' dir='ltr'><strong>quietem</strong></span> <span class='ocrx_word' id='word_1_66' title='bbox 363 1224 464 1286; x_wconf 90' lang='lat' dir='ltr'><strong>iacere</strong></span> <span class='ocrx_word' id='word_1_67' title='bbox 485 1226 519 1285; x_wconf 93' lang='lat' dir='ltr'><strong>in</strong></span> <span class='ocrx_word' id='word_1_68' title='bbox 540 1226 655 1286; x_wconf 91' lang='lat' dir='ltr'><strong>lectulo</strong></span> <span class='ocrx_word' id='word_1_69' title='bbox 676 1246 732 1287; x_wconf 94' lang='lat' dir='ltr'><strong>suo</strong></span> <span class='ocrx_word' id='word_1_70' title='bbox 753 1226 943 1304; x_wconf 87' lang='lat' dir='ltr'><strong>compositus</strong></span> <span class='ocrx_word' id='word_1_71' title='bbox 960 1227 993 1285; x_wconf 94' lang='lat' dir='ltr'><strong>in</strong></span> <span class='ocrx_word' id='word_1_72' title='bbox 1012 1225 1123 1286; x_wconf 90' lang='lat' dir='ltr'><strong>habitu</strong></span> <span class='ocrx_word' id='word_1_73' title='bbox 1143 1231 1207 1286; x_wconf 88' lang='lat' dir='ltr'><strong>stu·</strong></span> 
     </span>
     <span class='ocr_line' id='line_1_10' title="bbox 203 1329 1208 1412; baseline 0.002 -24"><span class='ocrx_word' id='word_1_74' title='bbox 203 1329 318 1405; x_wconf 88' lang='lat' dir='ltr'><strong>dentis,</strong></span> <span class='ocrx_word' id='word_1_75' title='bbox 332 1330 448 1390; x_wconf 87' lang='lat' dir='ltr'><strong>habere</strong></span> <span class='ocrx_word' id='word_1_76' title='bbox 463 1337 535 1391; x_wconf 92' lang='lat' dir='ltr'><strong>ante</strong></span> <span class='ocrx_word' id='word_1_77' title='bbox 551 1350 583 1392; x_wconf 93' lang='lat' dir='ltr'><strong>se</strong></span> <span class='ocrx_word' id='word_1_78' title='bbox 599 1331 749 1392; x_wconf 88' lang='lat' dir='ltr'><strong>scrinium</strong></span> <span class='ocrx_word' id='word_1_79' title='bbox 766 1332 826 1410; x_wconf 88' lang='lat' dir='ltr'><strong>(ita</strong></span> <span class='ocrx_word' id='word_1_80' title='bbox 841 1332 992 1412; x_wconf 90' lang='lat' dir='ltr'><strong>solebat):</strong></span> <span class='ocrx_word' id='word_1_81' title='bbox 1015 1349 1087 1389; x_wconf 85' lang='lat' dir='ltr'><strong>mox</strong></span> <span class='ocrx_word' id='word_1_82' title='bbox 1101 1330 1208 1406; x_wconf 86' lang='lat' dir='ltr'><strong>imagi·</strong></span> 
     </span>
     <span class='ocr_line' id='line_1_11' title="bbox 202 1435 1256 1514; baseline 0.004 -21"><span class='ocrx_word' id='word_1_83' title='bbox 202 1439 297 1495; x_wconf 88' lang='lat' dir='ltr'><strong>natus</strong></span> <span class='ocrx_word' id='word_1_84' title='bbox 313 1439 362 1495; x_wconf 91' lang='lat' dir='ltr'><strong>est</strong></span> <span class='ocrx_word' id='word_1_85' title='bbox 376 1435 501 1497; x_wconf 84' lang='lat' dir='ltr'><strong>venisse</strong></span> <span class='ocrx_word' id='word_1_86' title='bbox 519 1438 687 1512; x_wconf 85' lang='lat' dir='ltr'><strong>Neronem,</strong></span> <span class='ocrx_word' id='word_1_87' title='bbox 703 1436 736 1495; x_wconf 92' lang='lat' dir='ltr'><strong>in</strong></span> <span class='ocrx_word' id='word_1_88' title='bbox 753 1443 822 1496; x_wconf 91' lang='lat' dir='ltr'><strong>toro</strong></span> <span class='ocrx_word' id='word_1_89' title='bbox 840 1436 1001 1510; x_wconf 88' lang='lat' dir='ltr'><strong>resedisse,</strong></span> <span class='ocrx_word' id='word_1_90' title='bbox 1017 1435 1207 1514; x_wconf 88' lang='lat' dir='ltr'><strong>prompsisse</strong></span> <span class='ocrx_word' id='word_1_91' title='bbox 1228 1451 1256 1497; x_wconf 85' lang='lat' dir='ltr'><strong>1o</strong></span> 
     </span>
     <span class='ocr_line' id='line_1_12' title="bbox 203 1539 1207 1618; baseline 0.002 -20"><span class='ocrx_word' id='word_1_92' title='bbox 203 1539 339 1617; x_wconf 86' lang='lat' dir='ltr'><strong>primurn</strong></span> <span class='ocrx_word' id='word_1_93' title='bbox 354 1540 470 1601; x_wconf 90' lang='lat' dir='ltr'><strong>librum</strong></span> <span class='ocrx_word' id='word_1_94' title='bbox 486 1560 578 1618; x_wconf 91' lang='lat' dir='ltr'><strong>quern</strong></span> <span class='ocrx_word' id='word_1_95' title='bbox 593 1542 632 1601; x_wconf 91' lang='lat' dir='ltr'><strong>de</strong></span> <span class='ocrx_word' id='word_1_96' title='bbox 653 1542 822 1601; x_wconf 80' lang='lat' dir='ltr'><strong>sceleribus</strong></span> <span class='ocrx_word' id='word_1_97' title='bbox 837 1542 904 1602; x_wconf 91' lang='lat' dir='ltr'><strong>eius</strong></span> <span class='ocrx_word' id='word_1_98' title='bbox 919 1541 1061 1601; x_wconf 89' lang='lat' dir='ltr'><strong>ediderat</strong></span> <span class='ocrx_word' id='word_1_99' title='bbox 1075 1559 1207 1617; x_wconf 91' lang='lat' dir='ltr'><strong>eumque</strong></span> 
     </span>
     <span class='ocr_line' id='line_1_13' title="bbox 203 1644 1206 1721; baseline 0.001 -17"><span class='ocrx_word' id='word_1_100' title='bbox 203 1644 244 1704; x_wconf 91' lang='lat' dir='ltr'><strong>ad</strong></span> <span class='ocrx_word' id='word_1_101' title='bbox 258 1651 432 1705; x_wconf 85' lang='lat' dir='ltr'><strong>extremum</strong></span> <span class='ocrx_word' id='word_1_102' title='bbox 444 1646 623 1721; x_wconf 85' lang='lat' dir='ltr'><strong>revolvisse,</strong></span> <span class='ocrx_word' id='word_1_103' title='bbox 636 1647 719 1706; x_wconf 90' lang='lat' dir='ltr'><strong>idern</strong></span> <span class='ocrx_word' id='word_1_104' title='bbox 734 1647 768 1706; x_wconf 91' lang='lat' dir='ltr'><strong>in</strong></span> <span class='ocrx_word' id='word_1_105' title='bbox 780 1647 915 1707; x_wconf 92' lang='lat' dir='ltr'><strong>secundo</strong></span> <span class='ocrx_word' id='word_1_106' title='bbox 930 1665 965 1706; x_wconf 91' lang='lat' dir='ltr'><strong>ac</strong></span> <span class='ocrx_word' id='word_1_107' title='bbox 979 1646 1073 1705; x_wconf 91' lang='lat' dir='ltr'><strong>tertio</strong></span> <span class='ocrx_word' id='word_1_108' title='bbox 1084 1646 1206 1720; x_wconf 84' lang='lat' dir='ltr'><strong>fecisse,</strong></span> 
     </span>
     <span class='ocr_line' id='line_1_14' title="bbox 166 1749 1207 1828; baseline -0.003 -15"><span class='ocrx_word' id='word_1_109' title='bbox 166 1754 279 1813; x_wconf 82' lang='lat' dir='ltr'><strong>etune</strong></span> <span class='ocrx_word' id='word_1_110' title='bbox 292 1749 403 1811; x_wconf 89' lang='lat' dir='ltr'><strong>abisse.</strong></span> <span class='ocrx_word' id='word_1_111' title='bbox 447 1751 587 1828; x_wconf 84' lang='lat' dir='ltr'><strong>Expavit</strong></span> <span class='ocrx_word' id='word_1_112' title='bbox 609 1758 640 1810; x_wconf 92' lang='lat' dir='ltr'><strong>et</strong></span> <span class='ocrx_word' id='word_1_113' title='bbox 662 1752 707 1812; x_wconf 88' lang='lat' dir='ltr'><strong>sio</strong></span> <span class='ocrx_word' id='word_1_114' title='bbox 729 1752 953 1828; x_wconf 88' lang='lat' dir='ltr'><strong>interpretatus</strong></span> <span class='ocrx_word' id='word_1_115' title='bbox 975 1756 1207 1827; x_wconf 88' lang='lat' dir='ltr'><strong>est,ta1nquarn</strong></span> 
     </span>
     <span class='ocr_line' id='line_1_15' title="bbox 202 1854 1207 1932; baseline 0.001 -19"><span class='ocrx_word' id='word_1_116' title='bbox 202 1854 286 1914; x_wconf 90' lang='lat' dir='ltr'><strong>idem</strong></span> <span class='ocrx_word' id='word_1_117' title='bbox 314 1855 375 1915; x_wconf 88' lang='lat' dir='ltr'><strong>sibi</strong></span> <span class='ocrx_word' id='word_1_118' title='bbox 403 1855 530 1916; x_wconf 87' lang='lat' dir='ltr'><strong>futurus</strong></span> <span class='ocrx_word' id='word_1_119' title='bbox 559 1863 642 1917; x_wconf 90' lang='lat' dir='ltr'><strong>esset</strong></span> <span class='ocrx_word' id='word_1_120' title='bbox 667 1857 823 1917; x_wconf 91' lang='lat' dir='ltr'><strong>scribendi</strong></span> <span class='ocrx_word' id='word_1_121' title='bbox 848 1856 921 1916; x_wconf 90' lang='lat' dir='ltr'><strong>finis</strong></span> <span class='ocrx_word' id='word_1_122' title='bbox 946 1856 1001 1932; x_wconf 94' lang='lat' dir='ltr'><strong>qui</strong></span> <span class='ocrx_word' id='word_1_123' title='bbox 1021 1856 1136 1915; x_wconf 86' lang='lat' dir='ltr'><strong>fuisset</strong></span> <span class='ocrx_word' id='word_1_124' title='bbox 1157 1855 1207 1914; x_wconf 94' lang='lat' dir='ltr'><strong>illi</strong></span> 
     </span>
     <span class='ocr_line' id='line_1_16' title="bbox 166 1941 1256 2035; baseline 0.002 -15"><span class='ocrx_word' id='word_1_125' title='bbox 166 1973 182 2020; x_wconf 80' lang='lat'><strong>&#39;1</strong></span> <span class='ocrx_word' id='word_1_126' title='bbox 201 1959 336 2035; x_wconf 85' lang='lat' dir='ltr'><strong>legendi,</strong></span> <span class='ocrx_word' id='word_1_127' title='bbox 358 1965 390 2020; x_wconf 92' lang='lat' dir='ltr'><strong>et</strong></span> <span class='ocrx_word' id='word_1_128' title='bbox 411 1960 474 2019; x_wconf 88' lang='lat' dir='ltr'><strong>fuit</strong></span> <span class='ocrx_word' id='word_1_129' title='bbox 495 1961 587 2020; x_wconf 93' lang='lat' dir='ltr'><strong>idem.</strong></span> <span class='ocrx_word' id='word_1_130' title='bbox 630 1962 720 2033; x_wconf 78' lang='lat' dir='ltr'><strong>Quod</strong></span> <span class='ocrx_word' id='word_1_131' title='bbox 741 1981 790 2020; x_wconf 92' lang='lat' dir='ltr'><strong>me</strong></span> <span class='ocrx_word' id='word_1_132' title='bbox 811 1962 1025 2021; x_wconf 86' lang='lat' dir='ltr'><strong>recordantem</strong></span> <span class='ocrx_word' id='word_1_133' title='bbox 1046 1941 1209 2020; x_wconf 87' lang='lat' dir='ltr'><strong>miseratio</strong></span> <span class='ocrx_word' id='word_1_134' title='bbox 1228 1976 1256 2022; x_wconf 75' lang='lat'><strong>16</strong></span> 
     </span>
     <span class='ocr_line' id='line_1_17' title="bbox 202 2065 1207 2144; baseline 0 -20"><span class='ocrx_word' id='word_1_135' title='bbox 202 2065 288 2124; x_wconf 88' lang='lat' dir='ltr'><strong>subit</strong></span> <span class='ocrx_word' id='word_1_136' title='bbox 317 2070 469 2142; x_wconf 89' lang='lat' dir='ltr'><strong>quantum</strong></span> <span class='ocrx_word' id='word_1_137' title='bbox 498 2065 686 2141; x_wconf 86' lang='lat' dir='ltr'><strong>vigiliarum,</strong></span> <span class='ocrx_word' id='word_1_138' title='bbox 711 2071 864 2144; x_wconf 92' lang='lat' dir='ltr'><strong>quantum</strong></span> <span class='ocrx_word' id='word_1_139' title='bbox 887 2066 1002 2125; x_wconf 89' lang='lat' dir='ltr'><strong>laboris</strong></span> <span class='ocrx_word' id='word_1_140' title='bbox 1027 2066 1207 2126; x_wconf 82' lang='lat' dir='ltr'><strong>exhauserit</strong></span> 
     </span>
     <span class='ocr_line' id='line_1_18' title="bbox 201 2168 1204 2248; baseline 0.003 -21"><span class='ocrx_word' id='word_1_141' title='bbox 201 2168 330 2230; x_wconf 87' lang='lat' dir='ltr'><strong>frustra.</strong></span> <span class='ocrx_word' id='word_1_142' title='bbox 373 2170 545 2230; x_wconf 87' lang='lat' dir='ltr'><strong>Occursant</strong></span> <span class='ocrx_word' id='word_1_143' title='bbox 567 2171 671 2230; x_wconf 92' lang='lat' dir='ltr'><strong>animo</strong></span> <span class='ocrx_word' id='word_1_144' title='bbox 694 2190 763 2231; x_wconf 88' lang='lat' dir='ltr'><strong>mea</strong></span> <span class='ocrx_word' id='word_1_145' title='bbox 785 2170 969 2245; x_wconf 81' lang='lat' dir='ltr'><strong>mortalitas,</strong></span> <span class='ocrx_word' id='word_1_146' title='bbox 989 2190 1058 2230; x_wconf 91' lang='lat' dir='ltr'><strong>mea</strong></span> <span class='ocrx_word' id='word_1_147' title='bbox 1080 2171 1204 2248; x_wconf 91' lang='lat' dir='ltr'><strong>scripta.</strong></span> 
     </span>
     <span class='ocr_line' id='line_1_19' title="bbox 201 2274 1206 2354; baseline 0.003 -21"><span class='ocrx_word' id='word_1_148' title='bbox 201 2274 270 2333; x_wconf 87' lang='lat' dir='ltr'><strong>Nec</strong></span> <span class='ocrx_word' id='word_1_149' title='bbox 285 2274 395 2334; x_wconf 92' lang='lat' dir='ltr'><strong>dubito</strong></span> <span class='ocrx_word' id='word_1_150' title='bbox 413 2278 445 2333; x_wconf 91' lang='lat' dir='ltr'><strong>te</strong></span> <span class='ocrx_word' id='word_1_151' title='bbox 467 2293 591 2352; x_wconf 91' lang='lat' dir='ltr'><strong>quoque</strong></span> <span class='ocrx_word' id='word_1_152' title='bbox 609 2276 715 2335; x_wconf 90' lang='lat' dir='ltr'><strong>eadem</strong></span> <span class='ocrx_word' id='word_1_153' title='bbox 737 2275 925 2351; x_wconf 83' lang='lat' dir='ltr'><strong>cogitatione</strong></span> <span class='ocrx_word' id='word_1_154' title='bbox 939 2276 1050 2335; x_wconf 90' lang='lat' dir='ltr'><strong>terreri</strong></span> <span class='ocrx_word' id='word_1_155' title='bbox 1064 2295 1121 2354; x_wconf 93' lang='lat' dir='ltr'><strong>pro</strong></span> <span class='ocrx_word' id='word_1_156' title='bbox 1135 2276 1206 2336; x_wconf 92' lang='lat' dir='ltr'><strong>istis</strong></span> 
     </span>
     <span class='ocr_line' id='line_1_20' title="bbox 164 2379 1205 2459; baseline 0.003 -22"><span class='ocrx_word' id='word_1_157' title='bbox 164 2397 282 2455; x_wconf 75' lang='lat' dir='ltr'><strong>aquae</strong></span> <span class='ocrx_word' id='word_1_158' title='bbox 306 2379 390 2439; x_wconf 89' lang='lat' dir='ltr'><strong>inter</strong></span> <span class='ocrx_word' id='word_1_159' title='bbox 418 2399 528 2440; x_wconf 89' lang='lat' dir='ltr'><strong>manus</strong></span> <span class='ocrx_word' id='word_1_160' title='bbox 557 2380 662 2441; x_wconf 84' lang='lat' dir='ltr'><strong>habes.</strong></span> <span class='ocrx_word' id='word_1_161' title='bbox 705 2381 850 2455; x_wconf 88' lang='lat' dir='ltr'><strong>Proinde,</strong></span> <span class='ocrx_word' id='word_1_162' title='bbox 873 2381 945 2439; x_wconf 90' lang='lat' dir='ltr'><strong>dum</strong></span> <span class='ocrx_word' id='word_1_163' title='bbox 969 2381 1110 2459; x_wconf 88' lang='lat' dir='ltr'><strong>suppetit</strong></span> <span class='ocrx_word' id='word_1_164' title='bbox 1131 2381 1205 2456; x_wconf 91' lang='lat' dir='ltr'><strong>vita,</strong></span> 
     </span>
     <span class='ocr_line' id='line_1_21' title="bbox 201 2482 1255 2563; baseline 0 -21"><span class='ocrx_word' id='word_1_165' title='bbox 201 2482 357 2543; x_wconf 89' lang='lat' dir='ltr'><strong>enitamur</strong></span> <span class='ocrx_word' id='word_1_166' title='bbox 378 2488 415 2543; x_wconf 93' lang='lat' dir='ltr'><strong>ut</strong></span> <span class='ocrx_word' id='word_1_167' title='bbox 435 2503 518 2544; x_wconf 92' lang='lat' dir='ltr'><strong>mors</strong></span> <span class='ocrx_word' id='word_1_168' title='bbox 540 2504 634 2561; x_wconf 84' lang='lat' dir='ltr'><strong>quarn</strong></span> <span class='ocrx_word' id='word_1_169' title='bbox 655 2486 845 2563; x_wconf 89' lang='lat' dir='ltr'><strong>paucissima</strong></span> <span class='ocrx_word' id='word_1_170' title='bbox 866 2504 945 2562; x_wconf 90' lang='lat' dir='ltr'><strong>quae</strong></span> <span class='ocrx_word' id='word_1_171' title='bbox 963 2484 1086 2545; x_wconf 89' lang='lat' dir='ltr'><strong>abolere</strong></span> <span class='ocrx_word' id='word_1_172' title='bbox 1105 2485 1206 2563; x_wconf 91' lang='lat' dir='ltr'><strong>possit</strong></span> <span class='ocrx_word' id='word_1_173' title='bbox 1226 2497 1255 2542; x_wconf 75' lang='lat'><strong>20</strong></span> 
     </span>
     <span class='ocr_line' id='line_1_22' title="bbox 200 2587 482 2649; baseline 0.004 -2"><span class='ocrx_word' id='word_1_174' title='bbox 200 2587 351 2648; x_wconf 84' lang='lat' dir='ltr'><strong>inveniat.</strong></span> <span class='ocrx_word' id='word_1_175' title='bbox 394 2589 482 2649; x_wconf 91' lang='lat' dir='ltr'><strong>Vale.</strong></span> 
     </span>
    </p>
   </div>
   <div class='ocr_carea' id='block_1_3' title="bbox 628 2737 778 2819">
    <p class='ocr_par' dir='ltr' id='par_1_3' title="bbox 628 2737 778 2819">
     <span class='ocr_line' id='line_1_23' title="bbox 628 2737 778 2819; baseline -0.027 -18"><span class='ocrx_word' id='word_1_176' title='bbox 628 2740 680 2801; x_wconf 80' lang='lat' dir='ltr'><strong>sa</strong></span> <span class='ocrx_word' id='word_1_177' title='bbox 710 2737 778 2819; x_wconf 75' lang='lat' dir='ltr'>(x.)</span> 
     </span>
    </p>
   </div>
   <div class='ocr_carea' id='block_1_4' title="bbox 300 2905 1103 2971">
    <p class='ocr_par' dir='ltr' id='par_1_4' title="bbox 300 2905 1103 2971">
     <span class='ocr_line' id='line_1_24' title="bbox 300 2905 1103 2971; baseline 0.004 -14"><span class='ocrx_word' id='word_1_178' title='bbox 300 2905 329 2957; x_wconf 83' lang='lat' dir='ltr'><strong>C.</strong></span> <span class='ocrx_word' id='word_1_179' title='bbox 353 2905 498 2956; x_wconf 88' lang='lat' dir='ltr'>PLINIUS</span> <span class='ocrx_word' id='word_1_180' title='bbox 522 2905 701 2956; x_wconf 84' lang='lat' dir='ltr'>SUETONIO</span> <span class='ocrx_word' id='word_1_181' title='bbox 725 2908 962 2971; x_wconf 84' lang='lat' dir='ltr'><strong>TRANQUILLO</strong></span> <span class='ocrx_word' id='word_1_182' title='bbox 985 2909 1053 2959; x_wconf 87' lang='lat' dir='ltr'><strong>SUO</strong></span> <span class='ocrx_word' id='word_1_183' title='bbox 1077 2909 1103 2960; x_wconf 90' lang='lat' dir='ltr'><strong>S.</strong></span> 
     </span>
    </p>
   </div>
   <div class='ocr_carea' id='block_1_5' title="bbox 203 3060 1205 3129">
    <p class='ocr_par' dir='ltr' id='par_1_5' title="bbox 203 3060 1205 3129">
     <span class='ocr_line' id='line_1_25' title="bbox 203 3060 1205 3129; baseline 0.003 -16"><span class='ocrx_word' id='word_1_184' title='bbox 203 3060 350 3114; x_wconf 73' lang='lat' dir='ltr'><strong>Suetonius</strong></span> <span class='ocrx_word' id='word_1_185' title='bbox 362 3065 386 3111; x_wconf 80' lang='lat' dir='ltr'><strong>ia</strong></span> <span class='ocrx_word' id='word_1_186' title='bbox 399 3063 496 3125; x_wconf 70' lang='lat' dir='ltr'><strong>beppeol</strong></span> <span class='ocrx_word' id='word_1_187' title='bbox 509 3069 555 3112; x_wconf 79' lang='lat' dir='ltr'><strong>aot</strong></span> <span class='ocrx_word' id='word_1_188' title='bbox 567 3068 593 3112; x_wconf 81' lang='lat' dir='ltr'><strong>to</strong></span> <span class='ocrx_word' id='word_1_189' title='bbox 606 3064 683 3124; x_wconf 71' lang='lat' dir='ltr'><strong>detor</strong></span> <span class='ocrx_word' id='word_1_190' title='bbox 696 3065 789 3126; x_wconf 75' lang='lat' dir='ltr'><strong>louper</strong></span> <span class='ocrx_word' id='word_1_191' title='bbox 801 3065 843 3114; x_wconf 78' lang='lat' dir='ltr'><strong>tte</strong></span> <span class='ocrx_word' id='word_1_192' title='bbox 851 3066 1022 3127; x_wconf 79' lang='lat' dir='ltr'><strong>publication</strong></span> <span class='ocrx_word' id='word_1_193' title='bbox 1035 3067 1067 3129; x_wconf 89' lang='lat' dir='ltr'><strong>os</strong></span> <span class='ocrx_word' id='word_1_194' title='bbox 1075 3067 1118 3116; x_wconf 79' lang='lat' dir='ltr'><strong>tie</strong></span> <span class='ocrx_word' id='word_1_195' title='bbox 1124 3066 1205 3116; x_wconf 80' lang='lat' dir='ltr'><strong>worlc.</strong></span> 
     </span>
    </p>
   </div>
   <div class='ocr_carea' id='block_1_6' title="bbox 164 3216 1252 3822">
    <p class='ocr_par' dir='ltr' id='par_1_6' title="bbox 165 3216 1205 3506">
     <span class='ocr_line' id='line_1_26' title="bbox 165 3216 1205 3297; baseline 0.005 -23"><span class='ocrx_word' id='word_1_196' title='bbox 165 3228 179 3274; x_wconf 95' lang='lat'>1</span> <span class='ocrx_word' id='word_1_197' title='bbox 242 3217 356 3277; x_wconf 87' lang='lat' dir='ltr'><strong>Libera</strong></span> <span class='ocrx_word' id='word_1_198' title='bbox 370 3218 498 3276; x_wconf 88' lang='lat' dir='ltr'><strong>tandem</strong></span> <span class='ocrx_word' id='word_1_199' title='bbox 516 3216 849 3296; x_wconf 90' lang='lat' dir='ltr'><strong>hendecasyllaborum</strong></span> <span class='ocrx_word' id='word_1_200' title='bbox 871 3238 1009 3279; x_wconf 89' lang='lat' dir='ltr'><strong>meorum</strong></span> <span class='ocrx_word' id='word_1_201' title='bbox 1030 3220 1134 3294; x_wconf 89' lang='lat' dir='ltr'><strong>fidem,</strong></span> <span class='ocrx_word' id='word_1_202' title='bbox 1149 3220 1205 3297; x_wconf 92' lang='lat' dir='ltr'><strong>qui</strong></span> 
     </span>
     <span class='ocr_line' id='line_1_27' title="bbox 201 3320 1205 3403; baseline 0.001 -21"><span class='ocrx_word' id='word_1_203' title='bbox 201 3320 320 3399; x_wconf 87' lang='lat' dir='ltr'><strong>scripta</strong></span> <span class='ocrx_word' id='word_1_204' title='bbox 344 3328 401 3381; x_wconf 91' lang='lat' dir='ltr'><strong>tua</strong></span> <span class='ocrx_word' id='word_1_205' title='bbox 422 3322 638 3381; x_wconf 89' lang='lat' dir='ltr'><strong>communibus</strong></span> <span class='ocrx_word' id='word_1_206' title='bbox 667 3323 776 3383; x_wconf 90' lang='lat' dir='ltr'><strong>amicis</strong></span> <span class='ocrx_word' id='word_1_207' title='bbox 805 3326 1047 3401; x_wconf 90' lang='lat' dir='ltr'><strong>spoponderunt.</strong></span> <span class='ocrx_word' id='word_1_208' title='bbox 1090 3324 1205 3403; x_wconf 87' lang='lat' dir='ltr'><strong>Appel-</strong></span> 
     </span>
     <span class='ocr_line' id='line_1_28' title="bbox 201 3425 1204 3506; baseline 0.003 -20"><span class='ocrx_word' id='word_1_209' title='bbox 201 3425 308 3486; x_wconf 91' lang='lat' dir='ltr'><strong>lantur</strong></span> <span class='ocrx_word' id='word_1_210' title='bbox 333 3427 448 3486; x_wconf 88' lang='lat' dir='ltr'><strong>cotidie</strong></span> <span class='ocrx_word' id='word_1_211' title='bbox 473 3431 505 3485; x_wconf 88' lang='lat' dir='ltr'><strong>et</strong></span> <span class='ocrx_word' id='word_1_212' title='bbox 529 3426 723 3502; x_wconf 89' lang='lat' dir='ltr'><strong>flagitantur,</strong></span> <span class='ocrx_word' id='word_1_213' title='bbox 747 3446 783 3487; x_wconf 91' lang='lat' dir='ltr'><strong>ac</strong></span> <span class='ocrx_word' id='word_1_214' title='bbox 808 3429 871 3488; x_wconf 91' lang='lat' dir='ltr'><strong>iam</strong></span> <span class='ocrx_word' id='word_1_215' title='bbox 896 3429 1069 3506; x_wconf 88' lang='lat' dir='ltr'><strong>periculum</strong></span> <span class='ocrx_word' id='word_1_216' title='bbox 1093 3435 1141 3490; x_wconf 89' lang='lat' dir='ltr'><strong>est</strong></span> <span class='ocrx_word' id='word_1_217' title='bbox 1164 3448 1204 3489; x_wconf 91' lang='lat' dir='ltr'><strong>ne</strong></span> 
     </span>
    </p>

    <p class='ocr_par' dir='ltr' id='par_1_7' title="bbox 164 3530 1252 3822">
     <span class='ocr_line' id='line_1_29' title="bbox 164 3530 1252 3612; baseline 0.003 -24"><span class='ocrx_word' id='word_1_218' title='bbox 164 3536 352 3607; x_wconf 84' lang='lat' dir='ltr'><strong>acogantur</strong></span> <span class='ocrx_word' id='word_1_219' title='bbox 380 3531 420 3590; x_wconf 92' lang='lat' dir='ltr'><strong>ad</strong></span> <span class='ocrx_word' id='word_1_220' title='bbox 448 3530 659 3591; x_wconf 84' lang='lat' dir='ltr'><strong>exhibendum</strong></span> <span class='ocrx_word' id='word_1_221' title='bbox 687 3532 856 3592; x_wconf 85' lang='lat' dir='ltr'><strong>formulam</strong></span> <span class='ocrx_word' id='word_1_222' title='bbox 884 3534 1031 3612; x_wconf 87' lang='lat' dir='ltr'><strong>accipere.</strong></span> <span class='ocrx_word' id='word_1_223' title='bbox 1076 3535 1150 3595; x_wconf 84' lang='lat' dir='ltr'><strong>Sum</strong></span> <span class='ocrx_word' id='word_1_224' title='bbox 1172 3540 1205 3593; x_wconf 90' lang='lat' dir='ltr'><strong>et</strong></span> <span class='ocrx_word' id='word_1_225' title='bbox 1224 3545 1252 3591; x_wconf 78' lang='lat' dir='ltr'><strong>ro</strong></span> 
     </span>
     <span class='ocr_line' id='line_1_30' title="bbox 200 3635 1205 3717; baseline 0.004 -23"><span class='ocrx_word' id='word_1_226' title='bbox 200 3635 269 3713; x_wconf 90' lang='lat' dir='ltr'><strong>ipse</strong></span> <span class='ocrx_word' id='word_1_227' title='bbox 284 3635 318 3694; x_wconf 91' lang='lat' dir='ltr'><strong>in</strong></span> <span class='ocrx_word' id='word_1_228' title='bbox 332 3635 451 3695; x_wconf 89' lang='lat' dir='ltr'><strong>edendo</strong></span> <span class='ocrx_word' id='word_1_229' title='bbox 471 3635 650 3709; x_wconf 89' lang='lat' dir='ltr'><strong>haesitator,</strong></span> <span class='ocrx_word' id='word_1_230' title='bbox 666 3642 702 3695; x_wconf 92' lang='lat' dir='ltr'><strong>tu</strong></span> <span class='ocrx_word' id='word_1_231' title='bbox 723 3643 828 3697; x_wconf 89' lang='lat' dir='ltr'><strong>tamen</strong></span> <span class='ocrx_word' id='word_1_232' title='bbox 850 3657 951 3698; x_wconf 89' lang='lat' dir='ltr'><strong>meam</strong></span> <span class='ocrx_word' id='word_1_233' title='bbox 972 3658 1095 3717; x_wconf 91' lang='lat' dir='ltr'><strong>quoque</strong></span> <span class='ocrx_word' id='word_1_234' title='bbox 1116 3658 1205 3698; x_wconf 78' lang='lat' dir='ltr'><strong>cuno</strong></span> 
     </span>
     <span class='ocr_line' id='line_1_31' title="bbox 201 3732 1204 3822; baseline 0.002 -22"><span class='ocrx_word' id='word_1_235' title='bbox 201 3732 354 3801; x_wconf 89' lang='lat' dir='ltr'><strong>tationem</strong></span> <span class='ocrx_word' id='word_1_236' title='bbox 367 3740 612 3816; x_wconf 89' lang='lat' dir='ltr'><strong>tarditatemque</strong></span> <span class='ocrx_word' id='word_1_237' title='bbox 628 3740 742 3800; x_wconf 80' lang='lat' dir='ltr'><strong>vicisti.</strong></span> <span class='ocrx_word' id='word_1_238' title='bbox 785 3743 921 3802; x_wconf 92' lang='lat' dir='ltr'><strong>Proinde</strong></span> <span class='ocrx_word' id='word_1_239' title='bbox 936 3750 991 3804; x_wconf 91' lang='lat' dir='ltr'><strong>aut</strong></span> <span class='ocrx_word' id='word_1_240' title='bbox 1012 3763 1121 3822; x_wconf 90' lang='lat' dir='ltr'><strong>rumpe</strong></span> <span class='ocrx_word' id='word_1_241' title='bbox 1140 3743 1204 3804; x_wconf 91' lang='lat' dir='ltr'><strong>iam</strong></span> 
     </span>
    </p>
   </div>
   <div class='ocr_carea' id='block_1_7' title="bbox 0 0 1396 4164">
    <p class='ocr_par' dir='ltr' id='par_1_8' title="bbox 0 0 1396 4164">
     <span class='ocr_line' id='line_1_32' title="bbox 0 0 1396 4164; baseline 0 0"><span class='ocrx_word' id='word_1_242' title='bbox 0 0 1396 4164; x_wconf 95' lang='lat' dir='ltr'><strong> </strong></span> 
     </span>
    </p>
   </div>
  </div>
 </body>
</html>
