2782 4164
502 304 764 356 nmsrunnnuu
787 305 898 359 111.1c.
1159 298 1202 364 47

164 486 181 531 4
199 493 268 534 rare
280 475 365 534 varie
379 475 443 536 nisi
453 475 585 535 eruditis
595 483 743 552 negatum
757 481 813 537 est.
847 478 916 537 Nec
927 496 1000 538 vero
1015 478 1204 542 adfectanda

201 585 275 640 sunt
294 598 416 657 semper
432 580 516 640 elata
531 587 563 640 et
578 581 708 641 excelsa
751 581 834 641 Nam
849 587 885 641 nt
904 582 937 640 in
957 582 1081 660 pictura
1097 583 1203 644 lumen

199 703 264 743 non
283 684 347 744 alia
366 703 415 745 res
437 685 537 762 magis
558 704 652 763 quam
673 686 782 745 umbra
802 687 1006 764 commendat,
1026 688 1073 748 ita
1092 690 1203 750 oratio-

164 797 271 848 tnem
292 796 358 849 tam
379 790 573 850 summittere
596 809 689 867 quam
714 791 858 851 attollere
883 791 980 852 decet.
1041 794 1103 854 Sed
1125 794 1203 872 quid

200 912 256 970 ego
270 893 347 954 haec
362 894 543 955 doctissimo
557 895 650 955 viro?
672 895 749 972 quin
764 895 868 973 potius
883 896 973 972 illud,
988 898 1103 959 adnota
1122 918 1202 976 qnae
1221 915 1236 960 s

200 998 359 1075 putaveris
389 999 581 1074 corrigenda.
637 1000 690 1059 Ita
713 999 797 1058 enim
820 1001 920 1075 magis
948 1002 1071 1062 credam
1099 1010 1202 1064 cetera

198 1101 258 1163 tibi
272 1103 404 1182 placere,
420 1103 447 1164 si
461 1104 614 1181 quaedam
630 1104 828 1182 displicuisse
843 1123 1022 1182 cognovero.
1066 1107 1152 1169 Vale.

603 1375 657 1437 ³⁷.
685 1371 800 1455 (xm.)

450 1541 481 1593 C.
506 1542 651 1593 PLINIUS
673 1542 807 1592 NEPOTI
830 1541 898 1594 SUO
921 1542 948 1596 S.

417 1699 527 1750 Amto’s
538 1700 585 1762 life
597 1713 652 1750 was
664 1713 695 1749 cs
708 1700 786 1750 brcoe
799 1714 830 1750 cs
841 1700 889 1750 ter
900 1701 985 1752 death.

164 1870 179 1916 1
239 1854 418 1915 Adnotasse
430 1854 538 1914 videor
549 1855 635 1915 facta
646 1854 792 1931 dictaque
803 1855 941 1914 virorum
951 1855 1202 1934 feminarumque

164 1972 179 2017 2
199 1958 264 2020 alia
276 1959 411 2020 clariora
424 1977 491 2020 esse
506 1958 569 2019 alia
584 1959 708 2018 maiora.
747 1959 940 2020 Confirmata
950 1969 998 2021 est
1012 1961 1119 2038 opinio
1133 1980 1202 2022 mea

199 2064 346 2125 hesterno
371 2063 510 2124 Fanniae
533 2082 681 2124 sermone.
737 2064 852 2141 Neptis
877 2065 955 2124 haec
978 2065 1090 2125 Arriae
1114 2066 1201 2127 illius
1222 2077 1249 2122 rc

199 2186 280 2247 quae
294 2167 407 2228 marito
421 2174 453 2228 et
468 2168 617 2228 solacium
630 2168 739 2228 mortis
751 2175 783 2228 et
795 2170 973 2246 exemplum
983 2170 1054 2230 fuit.
1097 2171 1202 2231 Multa

198 2273 355 2334 referebat
368 2272 457 2333 aviae
468 2291 543 2333 suae
556 2291 619 2332 non
630 2273 751 2333 minora
764 2273 822 2333 hoc
837 2274 892 2334 sed
906 2273 1099 2350 obscuriora3
1122 2294 1201 2352 quae

198 2378 259 2438 tibi
279 2377 425 2439 existimo
446 2383 512 2438 tam
531 2379 688 2442 mirabilia
707 2380 826 2455 legenti
846 2381 922 2455 fore,
943 2400 1037 2458 quam
1055 2380 1134 2439 mihi
1152 2399 1203 2440 au·

163 2482 298 2543 odienti
327 2483 465 2543 fuerunt.
520 2483 713 2560 Aegrotabat
747 2485 881 2546 Caecina
914 2486 1040 2560 Paetus,
1069 2485 1200 2545 maritus

199 2587 275 2663 eius,
290 2588 470 2663 aegrotabat
484 2594 516 2649 ct
530 2588 624 2664 filius,
638 2594 770 2666 uterque
784 2589 954 2664 mortifere,
969 2595 1005 2649 ut
1018 2588 1199 2650 videbatur:
1221 2604 1249 2650 ro

198 2691 283 2753 filius
305 2693 440 2754 decessit
460 2692 576 2753 eximia
596 2694 840 2771 pulchritudine,
861 2695 931 2771 pari
949 2695 1146 2769 verecundia,
1168 2699 1201 2754 et

198 2798 380 2875 parentibus
404 2817 468 2857 non
492 2798 595 2859 minus
620 2799 659 2860 ob
683 2799 746 2859 alia
770 2818 869 2874 carus,
892 2819 987 2877 quam
1008 2800 1092 2877 quod
1114 2799 1200 2860 filins

161 2913 178 2959 4
197 2909 273 2962 erat.
316 2902 402 2962 Huic
420 2902 477 2963 illa
494 2903 541 2963 ita
561 2905 657 2964 funus
677 2905 810 2981 paravit,
826 2903 871 2964 ita
889 2905 981 2965 duxit
998 2903 1145 2982 exequias
1164 2909 1201 2964 ut

197 3007 356 3083 ignoraret
376 3008 523 3068 maritus:
547 3008 624 3086 quin
645 3008 747 3083 imm0,
770 3009 913 3086 quotiens
934 3008 1113 3069 cubiculum
1133 3008 1200 3068 eius

197 3112 338 3186 intraret,
363 3112 469 3172 vivere
496 3112 598 3172 filium
625 3120 719 3191 atque
747 3115 841 3174 etiam
868 3114 1106 3173 commodiorem
1132 3131 1200 3174 esse
1220 3125 1249 3170 20

198 3216 375 3292 simulabat,
403 3236 439 3277 ac
466 3235 615 3295 persaepe
643 3217 850 3295 interroganti
877 3218 955 3295 quid
989 3223 1094 3293 ageret
1123 3237 1200 3295 puer

160 3334 176 3379 5
197 3322 405 3398 respondebat
420 3321 515 3382 ‘bene
530 3323 659 3399 quievit,
675 3324 810 3383 libenter
829 3323 932 3383 cibum
947 3323 1099 3400 sumpsit!
1142 3323 1201 3381 De·

196 3425 279 3502 inde,
304 3444 375 3485 cum
402 3426 458 3486 diu
481 3427 636 3487 cohibitae
664 3427 809 3487 lacrimae
834 3427 997 3487 vincerent
1024 3445 1200 3505 prorumpe-

196 3536 338 3608 rentque,
367 3523 600 3607 egrediebatur:
636 3537 711 3591 tunc
745 3551 777 3592 se
806 3532 906 3591 dolori
940 3532 1049 3592 dabat:
1086 3531 1199 3591 satiata

196 3635 287 3695 siccis
302 3635 400 3697 oculis
416 3636 588 3714 composito
601 3637 692 3696 vultu
710 3637 840 3711 redibat,
856 3643 1015 3713 tamquam
1033 3636 1198 3695 orbitatem
1219 3650 1248 3696 2⁶

159 3739 275 3802 oloris
302 3739 491 3818 reliquisset.
554 3740 755 3800 Praeclarum
782 3740 908 3818 quidem
938 3740 1020 3799 illud
1049 3740 1197 3814 eiusdem,
