2782 4164
722 228 728 259 l

520 314 783 368 nrmroasauu
807 316 901 370 v.1e.
1169 305 1210 374 ta

206 504 263 562 ego
277 486 334 565 qui
347 486 397 547 vir
410 492 443 547 et
456 492 594 565 quantus
608 494 692 550 esset
706 487 860 550 altissime
875 489 1008 568 inspexi,
1019 509 1090 551 cum
1104 508 1211 569 seque

205 609 255 651 rer
281 596 319 651 ut
345 592 540 669 magistrum,
562 598 598 652 ut
625 599 788 671 parentem
808 613 941 671 vererer,
956 596 1040 672 quod
1060 615 1123 656 non
1144 603 1210 657 tam

167 709 186 755 o
205 697 319 759 aetatis
333 698 517 758 maturitate
531 716 626 776 quam
643 699 728 759 vitae
747 701 932 761 merebatur.
975 701 1037 762 His
1052 720 1090 761 ex
1105 703 1208 764 causis

204 807 241 863 ut
254 801 305 862 illi
319 802 365 864 sic
375 803 454 863 mihi
466 803 614 880 gratulor,
626 822 683 864 nec
695 805 843 883 privatim
855 806 955 882 magis
966 825 1060 884 quam
1074 808 1207 885 publice,

204 907 288 985 quod
308 908 437 968 tandem
458 908 600 970 homines
622 928 684 969 non
702 910 743 969 ad
766 910 913 988 pericula,
928 917 965 970 ut
986 912 1083 989 prius,
1098 930 1205 972 verum
1225 925 1242 970 s

166 1013 245 1073 aad
265 1013 398 1074 honores
415 1014 534 1074 virtute
555 1014 752 1092 perveniunt.
796 1016 836 1074 In
857 1016 1016 1075 infinitum
1038 1017 1206 1094 epistulam

204 1119 382 1194 extendam,
398 1119 425 1180 si
447 1119 561 1195 gaudio
582 1138 650 1179 meo
670 1120 860 1196 indulgeam.
904 1122 1088 1181 Praevertor
1109 1123 1149 1182 ad
1170 1141 1207 1183 ea

167 1233 184 1279 8
204 1242 284 1301 qnae
300 1242 351 1284 me
372 1230 518 1301 agentem
537 1225 589 1285 hic
610 1225 740 1286 nuntius
763 1226 976 1303 deprehendit.
1019 1228 1115 1287 Eram
1135 1247 1206 1287 oum

203 1347 368 1407 prosocero
380 1348 459 1405 meo,
475 1349 559 1390 eram
574 1349 645 1389 cum
659 1331 757 1390 amita
770 1331 886 1405 uxoris,
902 1349 987 1391 eram
1008 1351 1079 1391 cum
1097 1332 1206 1393 amicis

203 1433 259 1494 diu
285 1434 481 1510 desideratis,
503 1435 705 1496 circumibam
733 1435 860 1511 agellos,
882 1436 1046 1497 audiebam
1071 1437 1255 1499 multum1o

203 1538 391 1600 rusticarum
405 1540 625 1618 querellarum,
641 1540 778 1600 rationes
792 1541 934 1617 legebam
948 1541 1067 1602 invitus
1088 1549 1120 1602 et
1141 1562 1206 1602 cur·

203 1644 263 1704 sim
278 1644 363 1724 (aliis
377 1645 463 1705 enim
476 1645 603 1719 chartis,
619 1645 690 1706 aliis
705 1665 774 1706 sum
789 1646 905 1707 litteris
921 1647 1088 1729 initiatus),
1101 1666 1206 1726 coepe

168 1761 184 1808 9
202 1767 269 1810 ram
280 1749 375 1810 etiam
386 1749 494 1810 itineri
505 1769 554 1810 me
567 1769 759 1828 praeparare.
802 1752 887 1811 Nam
897 1751 1039 1811 includor
1051 1753 1204 1828 angustiis

202 1860 402 1933 commeatus,
418 1873 515 1933 eoque
526 1855 596 1933 ipso
607 1856 691 1933 quod
702 1855 878 1931 delegatum
891 1857 1029 1916 Cornuto
1040 1857 1133 1917 audio
1144 1857 1206 1916 offi-

202 1960 285 2020 cium
298 1961 361 2021 mei
375 1961 550 2021 admoneor.
594 1962 693 2040 Cupio
708 1967 739 2021 te
754 1981 876 2038 quoque
897 1963 954 2023 sub
975 1962 1059 2022 idem
1079 1969 1204 2041 tempus
1225 1979 1254 2025 15

202 2065 375 2144 Campania
395 2072 451 2126 tua
471 2066 621 2141 remittat,
641 2084 681 2125 ne
702 2066 783 2144 quis,
798 2085 866 2125 cum
890 2066 923 2125 in
945 2067 1052 2127 urbem
1073 2067 1203 2143 rediero,

201 2170 405 2232 contubernio
418 2176 527 2232 nostro
541 2171 609 2231 dies
624 2177 739 2249 pereat.
782 2171 869 2231 Vale.
914 2223 915 2226 ,

607 2411 659 2474 eo.
686 2408 803 2492 (xvi.)

398 2579 428 2631 C.
451 2577 598 2631 PLINIUS
621 2578 860 2629 MARCELLINO
885 2579 952 2630 SUO
976 2580 1002 2632 S.

390 2739 447 2792 Sed
458 2741 536 2792 death
548 2741 581 2804 os
588 2739 765 2790 Fcadaaas's
778 2753 867 2801 poeno
880 2740 1018 2801 daughter.

165 2907 180 2953 1
240 2899 454 2961 Tristissimus
476 2900 552 2960 haec
569 2898 628 2959 tibi
650 2898 760 2973 scribo,
775 2898 922 2958 Fundani
942 2898 1042 2958 nostri
1063 2897 1204 2959 1111111111-

200 3022 275 3064 nore
293 3005 451 3080 defuncta,
467 3023 530 3082 qua
550 3002 657 3082 puella
677 3002 759 3062 nihil
781 3021 929 3080 umquam
950 3003 1107 3079 festivius,
1123 3024 1204 3065 arna

200 3108 305 3185 bilius,
324 3127 382 3169 nec
404 3110 496 3170 modo
517 3108 657 3186 longiore
679 3107 747 3166 vita
769 3108 823 3167 sed
848 3125 944 3184 prope
968 3107 1252 3175 immortalitatem

164 3223 180 3269 2
200 3212 327 3291 dignius
341 3213 417 3274 vidi.
458 3214 608 3274 Nondum
623 3230 721 3272 annos
736 3211 986 3289 quattuordecim
1006 3212 1202 3291 impleverat,

199 3323 233 3378 et
253 3317 317 3378 iam
336 3317 386 3378 illi
407 3317 501 3379 anilis
522 3317 699 3396 prudentia,
714 3315 897 3376 matronalis
920 3316 1057 3391 gravitas
1079 3325 1155 3393 erat,
1170 3323 1203 3378 et

164 3433 179 3478 3
199 3428 306 3483 tamen
320 3422 460 3484 suavitas
481 3421 633 3501 puellaris
655 3439 725 3480 curn
745 3419 894 3497 virginali
916 3421 1112 3481 verecundia.
1156 3425 1203 3484 Ut

200 3527 258 3587 illa
271 3528 371 3606 patris
385 3528 558 3588 cervicibus
573 3527 773 3586 inhaerebat!
794 3531 831 3585 ut
844 3544 901 3585 nos
919 3526 1033 3586 amieos
1055 3532 1202 3604 paternos

200 3638 232 3692 et
252 3638 393 3693 amanter
415 3638 446 3693 et
467 3633 606 3693 modeste
627 3630 906 3708 complectebatur!
934 3635 971 3689 ut
997 3631 1145 3706 nutrices,
1166 3637 1203 3690 ut
1223 3653 1252 3699 25

200 3737 405 3817 paedagogos,
419 3744 456 3798 ut
469 3742 685 3818 praeceptores
700 3754 757 3815 pro
772 3753 828 3794 suo
845 3751 1000 3814 quemque
1020 3734 1120 3795 officio
1134 3732 1204 3794 dili·
