2782 4164
204 307 269 373 112
628 322 659 375 c.
679 323 780 374 rann

205 494 271 569 das,
299 494 466 554 convenire
492 513 556 554 non
583 495 692 572 possit.
748 496 861 572 Itaque
888 493 1050 554 Minervae
1082 499 1242 554 tantuma

205 598 404 658 serviendum
422 604 478 674 est,
494 599 627 659 delicate
646 606 761 675 tamen,
776 605 812 659 ut
825 599 859 657 in
881 617 1004 660 secessu
1025 605 1056 659 et
1077 603 1204 660 aestate.

205 704 245 761 In
269 703 322 763 via
345 704 439 782 plane
466 723 529 764 non
552 705 641 764 nulla
667 704 786 764 leviora
813 704 983 782 statimque
1011 703 1145 764 delenda
1171 723 1208 764 ea

205 808 389 884 garrulitate
410 828 473 887 qua
496 828 653 870 sermones
678 810 712 868 in
736 809 880 869 vehiculo
902 816 1047 870 seruntur
1069 809 1205 870 extendi.

170 913 268 973 oHis
297 914 447 990 quaedam
478 914 585 974 addidi
613 915 647 973 in
669 915 755 991 villa,
784 934 854 974 curn
882 915 970 974 aliud
995 933 1058 974 non
1085 915 1205 976 liberet.

205 1018 319 1095 Itaque
334 1025 478 1097 poemata
491 1020 665 1096 quiescunt,
681 1039 760 1097 quae
778 1027 815 1079 tu
835 1020 917 1079 inter
931 1038 1058 1080 nemora
1075 1025 1107 1080 et
1122 1019 1208 1080 lucos
1234 1024 1237 1028 ’

206 1124 456 1184 commodissime
465 1125 572 1201 perfici
584 1130 685 1202 putas.
722 1124 959 1185 Oratiunculam
970 1144 1065 1184 unam
1076 1125 1208 1185 alteram
1228 1133 1244 1180 3

206 1228 392 1304 retractavi;
424 1248 614 1306 quamquam
638 1229 672 1288 id
695 1248 793 1306 genus
817 1230 919 1307 operis
944 1229 1122 1306 inamabile,
1145 1230 1209 1290 ina·

206 1351 351 1394 moenum
378 1334 540 1411 magisque
571 1333 729 1394 laboribus
760 1334 841 1394 ruris
872 1353 966 1411 quam
993 1310 1208 1414 vuluptatibus
1233 1354 1235 1359 ·

158 1453 187 1500 10
206 1436 318 1498 simile.
360 1438 447 1499 Vale.

618 1563 671 1624 es.
699 1561 744 1640 (x
775 1563 798 1642 .)

448 1677 477 1772 (l.
501 1719 646 1771 PLINIUS
669 1720 829 1772 FALCONI
852 1720 919 1773 SUO
944 1721 970 1773 S.

365 1866 421 1917 Not
432 1881 495 1917 even
507 1869 536 1917 in
549 1867 591 1918 tte
603 1873 715 1930 country
725 1870 751 1918 is
762 1870 860 1919 latrare
872 1868 1054 1919 audieturbed.

212 2064 218 2075 Ι
247 2013 439 2090 Refugeram
460 2011 495 2071 in
518 2013 645 2088 Tuscos,
668 2017 704 2072 ut
728 2012 833 2072 omnia
856 2013 897 2073 ad
919 2011 1084 2073 arbitrium
1105 2030 1210 2074 meum
1230 2021 1243 2067 1

207 2120 359 2195 facerem3
382 2123 415 2177 at
429 2116 487 2177 hoo
502 2136 541 2176 ne
555 2117 589 2175 in
610 2117 721 2178 Tuscis
738 2117 882 2195 quidem:
904 2124 970 2179 tam
991 2118 1101 2181 multis
1121 2118 1211 2179 undi-

208 2242 267 2302 que
290 2222 477 2282 msticorum
501 2215 618 2283 libellis
640 2228 672 2282 et
694 2228 760 2282 tam
781 2222 921 2300 querulis
942 2223 1110 2313 inquietor,
1131 2243 1209 2302 quos

208 2328 370 2406 aliquanto
386 2327 486 2403 magis
507 2327 626 2387 invitus
648 2346 741 2404 quam
763 2346 848 2388 meos
869 2328 955 2405 lego;
977 2348 1050 2388 nam
1071 2334 1104 2388 et
1124 2347 1209 2389 meos

159 2444 188 2490 15
208 2434 336 2493 invitus.
379 2432 529 2491 Retracto
543 2432 625 2490 enim
642 2432 836 2493 actiunculas
855 2433 1015 2511 quasdam,
1031 2433 1115 2511 quod
1136 2439 1209 2512 post
1229 2443 1244 2488 a

208 2538 473 2616 intercapedinem
484 2538 635 2616 temporis
646 2545 678 2598 et
689 2539 840 2615 frigidum
852 2545 884 2600 et
894 2540 1040 2600 acerbum
1051 2545 1108 2600 est.
1150 2539 1211 2618 Ra·

207 2647 310 2707 tiones
324 2647 416 2724 quasi
437 2646 565 2707 absente
586 2665 635 2706 me
656 2648 873 2724 negleguntur.
916 2648 1083 2708 Interdum
1102 2651 1245 2706 tamena

208 2771 322 2831 equum
337 2753 510 2813 conscendo
524 2759 557 2812 et
571 2759 690 2830 patrem
708 2753 850 2814 familiae
870 2754 1021 2814 hactenus
1042 2771 1110 2828 ago,
1125 2752 1216 2830 quod¹

207 2857 346 2934 aliquam
360 2863 481 2935 partem
496 2858 703 2935 praediorum,
720 2859 774 2919 sed
788 2878 845 2936 pro
860 2858 1033 2935 gestatione
1053 2875 1207 2941 percurro.

157 2975 188 3021 ac
207 2964 257 3021 Tu
271 2963 528 3022 consuetudinem
543 2982 633 3023 serva
646 2963 798 3040 nobisque
813 2963 858 3024 sic
873 2963 999 3025 rusticis
1009 2963 1130 3023 urbana
1139 2965 1210 3022 acta

206 3066 370 3145 perscribe.
414 3066 500 3129 Vale.

604 3192 656 3253 11
686 3189 805 3272 (xix.)

461 3348 489 3399 C.
513 3348 657 3400 PLINIUS
680 3349 815 3401 RUSONI
837 3350 905 3402 SUO
927 3350 953 3402 S.

468 3495 521 3545 1711
533 3496 637 3558 epitaph
650 3496 683 3558 os
697 3496 838 3559 Verginius
849 3497 948 3560 Rufus.

249 3638 412 3715 Significas
433 3638 547 3717 legisse
568 3645 600 3699 te
621 3638 655 3699 in
675 3640 810 3718 quadam
831 3641 969 3719 epistula
988 3661 1058 3703 mea
1078 3641 1209 3706 iussisse
1229 3657 1243 3702 1

206 3743 391 3822 Verginium
405 3745 526 3804 Rufum
541 3744 670 3806 inscribi
686 3746 829 3825 sepulcro
843 3766 909 3824 suo,
