2782 4164
215 284 258 352 58
638 298 668 351 c.
691 299 790 349 rmru

214 469 335 531 culator
349 468 383 529 in
393 469 462 530 foro
476 469 598 546 legeris,
609 474 712 550 ἐπάρας
727 470 856 545 scilicet,
869 475 904 530 ut
918 469 964 530 ait
977 469 1216 543 Demosthenes,

214 577 266 654 τὴν
294 577 390 654 φωνὴν
417 577 462 636 καὶ
488 576 613 656 γεγηθὼς
641 578 686 636 καὶ
713 579 919 656 λαρυγγίζων.“
952 570 1012 635 Est
1039 574 1123 632 enim
1150 579 1214 633 tam
1237 581 1250 626 7

214 679 340 757 ineptus
360 685 395 739 ut
409 679 506 741 risum
521 681 621 756 magis
635 681 736 758 possit
750 681 924 758 exprimere
939 699 1033 759 qnam
1047 678 1215 755 gemitum:

213 785 322 845 credas
336 785 451 845 nonde
466 803 563 864 puero
577 785 730 864 scriptum
745 786 800 846 sed
814 804 833 845 a
847 803 951 863 puero.
993 783 1080 844 Vale.
1124 831 1127 838 .

611 1056 663 1117 ss
693 1053 815 1135 (uu.)

352 1223 386 1304 f).
412 1223 557 1272 PLINIUS
580 1223 735 1272 MATURO
757 1223 927 1273 ARRIANO
951 1222 1019 1273 SUO
1042 1221 1068 1273 S.

329 1381 412 1442 Pliny
423 1381 545 1430 succeeds
556 1380 707 1430 Frontinus
719 1382 748 1430 ic
760 1381 803 1430 the
819 1379 925 1443 Collega
937 1381 970 1443 os
976 1379 1095 1442 Araque.

177 1539 193 1584 o
254 1524 430 1605 Gratularis
464 1525 544 1583 mihi
575 1525 658 1602 quod
689 1525 861 1602 acceperim
889 1531 1085 1600 auguratum.
1143 1525 1250 1584 Iurel

213 1630 390 1706 gratularis,
413 1630 558 1707 primum,
581 1631 664 1707 quod
685 1630 864 1705 gravissimi
888 1630 1040 1708 principis
1065 1629 1216 1690 iudicium

213 1735 247 1794 in
261 1735 434 1795 minoribus
449 1735 543 1794 ctiam
563 1736 654 1795 rebus
672 1735 819 1812 consequi
837 1735 1003 1812 pulchrum
1019 1740 1077 1810 est,
1092 1734 1217 1808 deinde,

213 1841 297 1917 quod
312 1840 521 1900 sacerdotium
536 1840 639 1917 ipsum
654 1859 725 1899 cum
738 1841 876 1918 priscum
897 1845 929 1900 et
946 1840 1127 1916 religiosum
1148 1846 1216 1900 tum

213 1946 271 2005 hoc
287 1964 410 2023 quoque
426 1965 547 2005 sacrum
562 1945 655 2022 plane
670 1952 701 2005 et
720 1946 843 2021 insigne
860 1951 909 2006 est
928 1946 1012 2023 quod
1028 1964 1091 2005 non
1107 1944 1218 2005 adimi-

165 2061 193 2106 10
213 2056 265 2110 tur
280 2051 408 2109 viventi.
451 2050 534 2108 Nam
550 2050 613 2109 alia
624 2070 812 2128 quamquam
824 2051 979 2126 dignitate
991 2051 1216 2129 propemodum
1236 2057 1252 2102 2

213 2155 302 2233 paria
319 2160 356 2214 ut
372 2155 553 2214 tribuuntur
571 2155 616 2215 sic
637 2156 833 2230 auferuntur,
855 2156 888 2215 in
905 2156 963 2215 hoc
980 2156 1126 2215 fortunae
1147 2156 1217 2216 hac·

212 2265 305 2320 tenus
324 2260 399 2319 licet
414 2265 452 2319 ut
468 2259 536 2318 dari
554 2260 661 2336 possit.
706 2260 788 2327 Mihi
803 2279 876 2319 vero
896 2260 977 2319 illud
998 2260 1093 2320 etiam
1115 2265 1217 2336 gratu·
1236 2266 1252 2311 3

213 2366 330 2426 latione
358 2366 487 2440 dignum
516 2365 641 2425 videtur
670 2366 752 2443 quod
781 2366 915 2426 successi
943 2366 1026 2425 Iulio
1053 2366 1214 2441 Frontino

214 2471 348 2548 principi
362 2470 439 2544 virc,
455 2471 509 2547 qui
525 2489 574 2529 me
592 2471 815 2530 nominationis
834 2471 885 2530 die
902 2491 957 2548 per
974 2471 1031 2530 hos
1050 2471 1216 2531 continuos

164 2587 310 2636 mannos
336 2576 418 2634 inter
444 2576 619 2634 sacerdotes
648 2576 836 2651 nominabat,
863 2582 1023 2655 tamquam
1051 2577 1085 2636 in
1113 2577 1216 2637 locum

214 2700 304 2741 suum
325 2685 500 2756 cooptaret3
530 2680 613 2757 quod
633 2699 716 2740 nunc
739 2687 869 2742 eventus
890 2683 936 2741 ita
956 2681 1160 2759 conprobavit
1179 2687 1217 2742 ut

212 2805 276 2845 non
296 2785 463 2844 fortuitum
483 2784 650 2844 videretur.
693 2787 737 2844 Te
759 2787 895 2863 quidem,
914 2794 949 2847 ut
967 2787 1085 2862 scribis,
1101 2787 1140 2847 ob
1156 2787 1215 2847 hoc
1235 2793 1251 2838 4

213 2890 348 2949 maxime
367 2888 503 2948 delectat
519 2896 688 2964 auguratus
706 2909 793 2949 meus
811 2892 894 2968 quod
912 2894 955 2951 Μ.
976 2892 1099 2952 Tullius
1117 2911 1217 2968 augur

213 2995 283 3053 fuit.
327 2994 469 3053 Laetaris
485 2993 568 3052 enim
586 2994 670 3070 quod
685 2994 854 3056 honoribus
869 2996 935 3056 eius
955 2997 1100 3058 insistam
1122 3015 1215 3075 quem

164 3113 194 3158 ro
213 3099 363 3185 aemulari
391 3098 504 3158 studiis
533 3098 632 3175 cupio.
690 3099 753 3158 Sed
783 3101 914 3176 utinam,
943 3108 978 3161 ut
1008 3103 1251 3162 sacerdotiumt

213 3204 306 3278 idem,
322 3209 358 3263 ut
372 3203 568 3263 consulatum
585 3203 684 3262 multo
700 3204 794 3263 etiam
809 3206 951 3265 iuvenior
967 3226 1060 3284 quam
1076 3208 1130 3267 ille
1146 3227 1215 3268 sum

212 3315 405 3382 consecutus,
427 3308 473 3367 ita
497 3327 592 3368 senex
620 3309 731 3368 saltem
760 3311 920 3385 ingenium
948 3313 1015 3372 eius
1044 3312 1150 3390 aliqua
1176 3331 1216 3371 ex

212 3420 302 3492 parte
317 3413 447 3490 adsequi
461 3413 595 3490 possim!
640 3414 701 3473 Sed
716 3415 873 3490 nimirum,
890 3436 969 3493 quae
986 3418 1107 3477 suntin
1121 3436 1216 3477 manu
1236 3427 1251 3472 c

213 3519 373 3578 hominum
395 3523 427 3577 et
452 3518 531 3577 mihi
553 3524 585 3577 et
610 3518 718 3577 multis
743 3520 951 3596 contigerunt,
977 3522 1057 3581 illud
1081 3540 1155 3581 vero
1179 3527 1217 3582 ut

163 3642 192 3687 25
212 3623 344 3700 adipisci
359 3622 491 3682 arduum
506 3622 550 3682 sic
569 3623 664 3682 etiam
681 3641 806 3699 sperare
825 3625 956 3683 nimium
977 3626 1126 3702 estquod
1147 3626 1216 3685 dari

212 3748 275 3788 non
289 3726 351 3787 nisi
367 3747 385 3786 a
399 3727 466 3786 deis
482 3733 593 3804 potest.
636 3727 722 3787 Vale.
