2782 4164
459 371 465 381 .
517 310 780 363 nrrsrousnuu
803 310 882 362 v111.
901 311 927 361 s.
1157 297 1222 364 105

218 499 421 560 exseramque
442 482 476 541 in
497 482 613 543 librum
632 489 721 544 tuum
736 482 786 543 ius
800 483 888 560 quod·
898 480 1025 558 dedisti,
1041 500 1077 543 eo
1091 480 1221 544 liberius

218 587 303 664 quod
320 587 402 646 nihil
420 606 460 647 ex
476 588 555 648 meis
572 587 700 648 interim
721 587 874 649 missurus
892 607 962 649 sum
978 587 1039 648 tibi
1056 586 1091 647 in
1107 605 1169 665 quo
1188 591 1222 648 tc

218 691 387 753 ulciscaris.
429 693 516 754 Vale.
1208 701 1209 704 ’

616 854 669 916 se.
698 851 819 935 (vni)

457 1021 488 1073 0.
513 1022 659 1074 PLINIUS
682 1022 838 1074 ROMANO
861 1022 929 1075 SUO
953 1021 981 1076 S.

491 1179 544 1231 Tite
555 1193 648 1230 source
661 1181 693 1243 os
699 1181 743 1231 tlte
759 1179 926 1240 Clitumnus.

183 1339 196 1385 1
255 1324 415 1386 Vidistine
431 1323 602 1401 aliquando
619 1324 815 1386 Clitumnum
836 1324 983 1384 fontem?
1026 1324 1060 1386 Si
1081 1325 1220 1387 nondum

219 1429 264 1509 (et
285 1435 362 1507 puto
383 1430 538 1504 nondum;
570 1428 690 1507 alioqui
716 1448 876 1490 narrasses
903 1429 1006 1511 mihi),
1024 1430 1106 1506 vide,
1128 1450 1219 1507 quem
1240 1443 1255 1490 ⁵

181 1543 196 1587 2
217 1553 273 1610 ego
296 1534 452 1613 (paenitet
472 1534 647 1615 tarditatis)
670 1534 811 1612 proxime
832 1533 908 1594 vidi.
964 1535 1108 1595 Modicus
1129 1534 1220 1596 collis

185 1680 191 1689 ·
217 1639 368 1716 adsurgit,
384 1640 515 1716 antiqua
535 1657 682 1717 cupresso
703 1658 884 1700 nemorosus
906 1645 938 1699 et
959 1658 1081 1718 opacus.
1124 1641 1221 1700 Hunc

217 1745 324 1805 subter
349 1744 416 1804 exit
443 1745 515 1805 fons
540 1749 572 1803 et
595 1744 782 1822 exprimitur
810 1743 952 1823 pluribus
975 1745 1065 1805 venis
1093 1746 1149 1805 sed
1176 1744 1221 1805 in·

217 1849 353 1927 paribus,
369 1848 586 1926 eluctatusque
610 1867 703 1925 quem
730 1848 810 1909 iacit
834 1849 989 1925 gurgitem
1011 1849 1076 1910 lato
1103 1850 1220 1926 gremio

216 1955 351 2033 patescit
372 1973 468 2032 purus
490 1959 523 2014 et
543 1953 674 2028 vitreus,
695 1947 731 2014 ut
751 1973 915 2015 numerare
942 1955 1040 2016 iactas
1066 1956 1164 2035 stipes
1189 1961 1269 2019 et1o

181 2071 196 2116 e
216 2059 385 2120 relucentis
402 2058 538 2120 calculos
557 2059 668 2138 possis.
711 2060 791 2119 Inde
810 2079 874 2119 non
893 2059 953 2120 loci
969 2061 1147 2122 devexitate
1165 2062 1221 2122 sed

216 2165 286 2243 ipsa
303 2164 352 2225 sui
371 2163 462 2242 copia
477 2170 509 2223 et
529 2164 619 2242 quasi
641 2164 778 2242 pondere
799 2165 971 2243 inpellitur.
1013 2167 1098 2226 Fons
1118 2167 1221 2227 adhuc
1259 2247 1261 2253 y

216 2276 248 2329 et
263 2252 569 2346 iam'amplissimum
583 2268 700 2328 flumen
717 2274 812 2346 atque
829 2269 923 2330 etiam
939 2270 1068 2330 navium
1086 2272 1219 2349 patiens,

188 2406 191 2447 2
216 2394 294 2453 quas
309 2374 416 2434 obvias
424 2392 555 2452 ‚quoque
567 2380 598 2433 et
612 2374 768 2434 contrario
782 2375 854 2436 nisu
868 2374 902 2434 in
916 2375 1043 2438 diversa
1055 2378 1220 2438 tendentes

216 2479 407 2540 transmittit
427 2484 460 2538 et
481 2479 610 2556 perfert,
625 2479 702 2539 adeo
719 2479 845 2540 validus
863 2485 900 2540 ut
920 2479 978 2543 illa
998 2500 1060 2559 qua
1075 2487 1221 2560 properat
1241 2496 1270 2543 15

216 2583 294 2663 ipse,
317 2602 506 2660 quamquam
526 2602 583 2661 per
611 2582 712 2644 solum
735 2583 875 2662 planum,
898 2585 992 2646 remis
1012 2605 1076 2646 non
1096 2587 1222 2647 adiuva

216 2694 277 2765 tur,
292 2689 376 2748 idem
393 2688 564 2763 aegerrime
585 2687 679 2748 remis
697 2687 862 2766 contisque
880 2695 1044 2767 superetur
1061 2691 1219 2752 adversus.

181 2802 198 2848 4
216 2793 393 2854 Iucundum
408 2798 574 2870 utrumque
589 2812 644 2871 per
658 2792 759 2852 iocum
778 2793 949 2871 ludumque
962 2795 1170 2872 fluitantibus,
1183 2801 1221 2857 ut

216 2898 364 2958 flexerint
372 2916 505 2972 cursum,
514 2896 652 2957 laborem
660 2897 733 2972 otio,
744 2897 844 2958 otium
853 2897 958 2959 labore
967 2900 1096 2961 variare.
1119 2901 1220 2980 Ripae
1318 2895 1320 2899 ’

217 3004 343 3064 fraxino
364 3002 472 3078 multa,
488 3002 588 3062 multa
603 3002 719 3081 populo
737 3003 924 3080 vestiuntur,
942 3024 1020 3082 quas
1036 3007 1220 3085 perspicuus
1240 3023 1271 3070 ao

217 3109 319 3169 amnis
333 3114 370 3167 ut
383 3125 501 3175 mersas
516 3085 611 3167 riridi
625 3106 762 3183 imagine
773 3108 966 3170 adnumerat.
1009 3110 1107 3187 Rigor
1121 3129 1221 3190 aquae
1265 3156 1268 3165 .

182 3213 386 3279 scertaverit
409 3212 545 3288 nivibus,
568 3231 625 3272 nec
650 3212 734 3273 color
758 3212 849 3273 cedit.
871 3268 880 3275 „
893 3213 1045 3277 ,Adiacet
1066 3216 1220 3294 templum
1310 3263 1312 3266 ψ

217 3319 353 3396 priscum
370 3324 402 3377 et
415 3316 614 3393 religiosum:
637 3323 701 3378 stat
712 3317 890 3379 Clitumnus
904 3319 973 3398 ipse
987 3321 1121 3382 amictus
1135 3341 1222 3382 orna·

217 3429 330 3500 tusque
345 3427 524 3500 praetexta:
548 3440 695 3505 praesens
709 3441 825 3483 numen
836 3429 930 3501 atque
945 3424 1220 3486 etiamfatidioum

218 3528 360 3587 indicant
375 3534 483 3588 sortes.
527 3527 643 3605 Sparsa
657 3532 731 3587 sunt
746 3527 828 3587 circa
845 3528 961 3589 sacella
974 3530 1135 3608 complura
1151 3532 1221 3608 toti
1240 3547 1269 3594 as

219 3635 350 3710 demque
366 3632 425 3691 dei.
469 3632 532 3693 Sua
545 3633 657 3710 cuique
671 3633 840 3710 veneratio,
856 3653 946 3695 suum
959 3655 1082 3712 nomen,
1097 3636 1221 3714 quibus-

219 3738 289 3798 dam
299 3756 373 3824 vero
384 3736 480 3798 etiam
488 3737 601 3802 fontes.
631 3737 715 3798 Nam
723 3739 948 3816 praeterillum
957 3741 1049 3822 quasi
1058 3748 1220 3823 parentem
