2782 4164
156 304 200 370 62
580 316 610 368 e
632 316 733 367 rnmr

156 489 292 550 fluant!'
333 489 423 549 Haec
444 487 556 567 putavi
576 487 673 549 altius
687 495 720 548 et
733 487 824 566 quasi
838 507 858 548 a
870 488 960 549 fonte
980 488 1159 566 repetenda,
1181 505 1209 552 10

157 614 219 673 quo
240 594 340 672 magis
361 594 457 655 scires
480 613 573 673 quam
597 601 720 670 gratum
742 594 820 653 mihi
834 595 926 669 foret,
942 595 971 656 si
985 594 1160 672 susciperes

158 700 242 778 quod
268 700 406 776 iniungo.
449 699 584 775 Iniungo
609 705 713 759 autem
737 705 770 759 et
793 718 851 778 pro
873 700 919 759 rei
942 699 1160 776 magnitudine

157 824 232 881 rogo
246 810 282 864 ut
295 823 336 864 ex
349 805 439 883 copia
460 806 680 879 studiosorum,
696 823 777 882 quae
791 805 832 865 ad
845 810 878 864 te
893 823 933 864 ex
953 804 1160 865 admiratione

122 910 276 986 singenii
303 909 352 969 tui
379 910 534 985 convenit,
563 910 798 988 circumspicias
831 916 1049 988 praeceptores
1081 928 1160 987 quos

158 1015 328 1076 sollicitare
356 1015 522 1092 possimus,
551 1015 609 1075 sub
636 1033 674 1074 ea
700 1021 806 1074 tamen
832 1015 1014 1075 condicione
1041 1033 1081 1074 ne
1108 1013 1161 1074 cui

158 1120 252 1180 fidem
267 1139 366 1180 meam
381 1120 582 1196 obstringam.
625 1120 739 1180 Omnia
752 1121 836 1180 enim
856 1119 956 1181 libera
976 1120 1160 1198 parentibus

158 1244 256 1287 servo.
298 1226 354 1285 Illi
368 1226 518 1301 iudicent,
532 1225 582 1284 illi
595 1225 730 1302 eligant:
752 1245 809 1302 ego
823 1226 901 1285 mihi
915 1244 1021 1286 curam
1036 1230 1161 1286 tantum

158 1337 190 1390 et
212 1330 396 1409 inpendium
416 1330 550 1390 vindico.
592 1331 730 1390 Proinde
752 1331 781 1391 si
803 1331 874 1408 quis
896 1331 995 1391 fucrit
1016 1337 1160 1409 repertus
1181 1347 1208 1393 11

109 1450 140 1497 10
158 1436 213 1514 qui
234 1436 360 1513 ingenio
375 1454 430 1495 suo
444 1435 530 1511 fidat,
545 1441 597 1494 eat
610 1435 686 1495 illue
701 1454 738 1494 ea
751 1434 820 1511 lege
834 1442 871 1495 ut
884 1436 959 1496 hinc
971 1435 1054 1495 nihil
1073 1434 1161 1495 aliud

158 1545 276 1600 certum
291 1558 385 1618 quam
399 1539 547 1599 fiduciam
561 1558 649 1600 suam
664 1540 755 1600 ferat.
797 1540 885 1601 Vale.

559 1703 613 1763 ss.
642 1701 758 1783 (xvi.)

303 1830 334 1884 C.
357 1830 501 1882 PLINIUS
524 1831 687 1881 VALERIO
710 1831 872 1882 PAULINO
895 1832 963 1883 SUO
986 1831 1015 1884 S.

436 1947 543 2009 stns‘s
554 1954 663 2010 oratoru
675 1950 742 1998 roias
754 1950 889 2011 appronat.

199 2064 309 2125 Gaude
329 2082 408 2138 meo,
426 2063 526 2138 gaude
547 2067 611 2138 tuo,
633 2064 734 2140 gaude
755 2064 849 2124 etiam
872 2065 997 2143 publico
1018 2064 1160 2126 nominc:
1182 2079 1196 2125 1

159 2169 261 2229 adhuc
275 2168 375 2228 honor
389 2168 504 2229 studiis
523 2168 625 2228 durat.
667 2169 813 2228 Proxime
828 2188 899 2229 cum
916 2171 1059 2231 dicturus
1077 2171 1163 2249 apud

158 2275 370 2336 centumviros
391 2294 501 2351 essem,
519 2277 656 2337 adeundi
675 2277 755 2336 mihi
775 2277 861 2337 locus
880 2277 943 2338 nisi
960 2296 980 2337 a
999 2275 1162 2351 tribunali,

111 2397 139 2443 15
159 2379 222 2440 nisi
246 2398 301 2458 per
321 2380 407 2458 ipsos
428 2381 546 2442 iudices
567 2401 630 2442 non
651 2382 730 2441 fuit:
759 2388 849 2442 tanta
869 2382 1039 2460 stipatione
1059 2387 1164 2441 cetera

159 2485 355 2545 tenebantur.
398 2485 449 2545 Ad
473 2486 532 2546 hoc
553 2487 681 2564 quidam
702 2495 830 2546 omatus
851 2487 1034 2547 adulescens
1056 2485 1163 2547 scissis
1182 2499 1198 2544 a

159 2590 284 2665 tunicis,
309 2599 345 2650 ut
372 2591 407 2649 in
433 2591 613 2670 frequentia
639 2592 719 2652 solet
746 2591 825 2667 fieri,
849 2592 916 2652 sola
938 2592 1062 2652 velatus
1089 2595 1165 2668 toga

159 2695 311 2774 perstitit,
332 2702 365 2756 et
389 2696 515 2773 quidem
538 2697 623 2756 horis
647 2703 775 2774 septem.
818 2698 899 2756 Nam
925 2703 992 2757 tam
1016 2696 1071 2756 diu
1094 2695 1163 2756 dixi

160 2819 273 2876 magno
286 2820 358 2861 cum
372 2800 487 2876 labore,
502 2802 619 2861 maiore
634 2820 704 2861 cum
723 2803 837 2862 fructu.
881 2803 1069 2863 Studeamus
1090 2820 1164 2878 argo
1183 2811 1198 2858 3

111 2923 142 2970 20
160 2925 217 2965 nec
241 2905 382 2966 desidiae
406 2913 530 2967 nostrae
555 2908 796 2984 praetendamus
817 2907 960 2967 alienam.
1004 2907 1084 2967 Sunt
1108 2905 1164 2984 qui

160 3010 300 3086 audiant,
316 3019 390 3072 sunt
406 3012 461 3089 qui
483 3011 598 3088 legant,
613 3031 670 3072 nos
688 3013 779 3071 modo
796 3012 926 3088 dignum
946 3010 1069 3090 aliquid
1084 3011 1165 3071 auri-

161 3116 229 3191 bus,
243 3117 374 3191 dignum
388 3117 506 3177 chartis
521 3117 722 3177 elaboremus.
765 3117 852 3178 Vale.

555 3284 607 3345 so.
636 3281 771 3362 (xvir.)

349 3409 379 3461 C.
402 3409 545 3460 PLINIUS
569 3410 692 3460 ASINIO
717 3410 837 3461 GALLO
861 3410 929 3461 SUO
952 3409 979 3462 S.

289 3526 377 3589 Pliny
389 3527 549 3576 undertakes
561 3528 603 3577 tte
615 3541 674 3578 cose
686 3528 719 3590 os
730 3527 888 3579 Corellius's
898 3527 1039 3590 douottca

202 3640 245 3699 Et
269 3641 416 3701 admones
439 3648 471 3701 et
495 3661 584 3717 rogas
606 3648 642 3701 ut
666 3641 835 3720 suscipiam
860 3661 985 3702 causam
1010 3639 1165 3702 Corelliae
1185 3652 1199 3698 1

162 3745 301 3806 absentis
336 3751 444 3806 contra
478 3747 511 3807 C.
546 3747 725 3820 Caecilium,
761 3746 919 3807 consulem
955 3745 1163 3822 designatum.
