2782 4164
187 295 251 369 122
613 306 643 358 c.
663 305 763 356 11111

187 479 339 557 rescripto
361 477 511 554 intellego
532 476 684 539 libentius
705 477 765 537 hoc
786 477 815 536 ei
836 481 868 537 te
889 476 1095 554 praestitisse,
1116 473 1191 553 quia

187 602 245 663 pro
258 603 308 643 me
322 583 460 659 rogabat.
503 583 621 644 Videor
634 601 708 658 ergo
723 601 877 644 summam
891 581 959 642 voti
972 581 1035 641 mei
1049 599 1191 641 consecu-
1210 594 1225 640 2

187 695 249 766 tus,
260 708 331 750 cum
345 690 429 749 inter
442 688 536 749 initia
549 688 727 749 felicissimi
742 687 938 766 principatus
951 687 998 747 tui
1010 685 1190 766 probaveris

188 813 237 855 me
259 796 299 855 ad
320 794 509 873 peculiarem
530 793 761 870 indulgentiam
782 799 869 853 tuam
890 792 1063 871 pertinere3
1092 810 1190 869 eoque

153 911 168 958 0
188 901 288 977 magis
305 900 420 960 liberos
440 899 634 978 concupisco,
650 919 728 976 quos
749 899 863 959 habere
884 899 981 958 etiam
1001 897 1057 957 illo
1077 897 1192 958 tristis·

188 1005 268 1066 simo
282 1005 405 1066 saeculo
419 1004 515 1080 volui,
531 1004 613 1065 sicut
631 1010 720 1082 potes
742 1004 862 1064 duobus
883 1003 1091 1064 matrimoniis
1111 1001 1190 1063 meis

188 1111 324 1172 credere.
362 1110 424 1170 Sed
438 1110 489 1170 dei
503 1109 625 1185 melius,
642 1110 696 1188 qui
711 1109 816 1169 omnia
828 1109 952 1185 integra
965 1107 1101 1168 bonitati
1117 1113 1190 1168 tuae
1211 1120 1226 1165 3

188 1221 397 1277 reservarunt.
440 1215 542 1275 Malui
555 1214 614 1274 hoc
629 1214 733 1293 potius
748 1220 887 1292 tempore
908 1232 958 1273 me
979 1218 1101 1291 patrem
1122 1212 1192 1273 11011

189 1338 252 1397 quo
265 1321 392 1380 futurus
407 1338 506 1380 essem
522 1324 553 1379 et
568 1337 694 1379 securus
709 1325 741 1378 et
755 1318 843 1378 felix.

595 1573 670 1635 100
700 1570 783 1652 (nr.)

362 1741 393 1792 C.
418 1740 563 1791 PLINIUS
586 1739 753 1790 TRAIANO
775 1739 1017 1792 IMPERATORI.

547 1897 657 1950 11100110
663 1898 713 1961 sor
724 1899 836 1961 osteor.

141 2064 171 2110 1ο
230 2053 365 2115 Difficile
387 2058 444 2129 est,
470 2052 604 2128 domine,
629 2052 803 2132 exprimere
823 2052 929 2113 verbis
952 2058 1103 2131 quantam
1127 2061 1226 2132 per-1

190 2160 326 2238 ceperim
353 2159 517 2234 laetitiam,
546 2159 630 2236 quod
652 2165 684 2218 et
711 2158 790 2217 mihi
817 2163 849 2218 et
874 2157 975 2218 socrui
997 2177 1083 2218 meae
1108 2176 1194 2237 prae-

191 2264 304 2325 stitisti
328 2270 364 2323 ut
391 2263 527 2324 adfinem
552 2263 619 2324 eius
648 2263 788 2325 (laelium
816 2263 1008 2325 Clementem
1044 2263 1078 2322 in
1111 2262 1193 2323 hanc

190 2369 383 2448 provinciam
409 2370 606 2430 transferres.
649 2370 699 2427 Ex
723 2368 780 2429 illo
801 2369 886 2428 enim
905 2387 1083 2429 mensuram
1104 2369 1194 2428 bene
1212 2374 1228 2420 2

190 2474 255 2534 ficii
268 2474 315 2534 tui
330 2473 456 2552 penitus
475 2473 633 2550 intellege,
649 2493 719 2534 cum
735 2479 800 2534 tam
822 2474 946 2552 plenam
964 2473 1192 2549 indulgentiam

142 2589 171 2637 11
191 2598 261 2640 oum
275 2585 343 2641 tota
360 2580 451 2639 domo
467 2598 537 2639 mea
556 2579 707 2658 experiar,
722 2579 773 2639 cui
794 2579 910 2639 referre
932 2579 1065 2655 gratiam
1086 2597 1193 2657 parem

190 2703 230 2744 ne
255 2685 353 2744 audeo
374 2684 510 2761 quidem,
526 2684 671 2762 quamvis
695 2684 831 2745 maxime
851 2683 976 2762 possim.
1019 2685 1133 2762 Itaque
1153 2685 1194 2745 ad

191 2794 266 2849 vota
279 2788 426 2866 confugio
444 2789 579 2866 deosque
599 2808 707 2867 preoor
720 2794 756 2849 ut
774 2789 820 2850 eis
837 2807 917 2867 quae
937 2789 972 2848 in
992 2807 1042 2849 me
1063 2787 1194 2850 adsidue

192 2894 315 2955 confers
331 2913 393 2954 non
406 2893 556 2971 indignus
570 2894 740 2954 existimer.

579 3148 655 3210 100.
684 3146 809 3226 (uxr.)

364 3316 394 3368 C.
420 3315 565 3367 PLINIUS
587 3314 753 3366 TRAIANO
777 3315 1019 3367 IMPERATORI.

489 3473 543 3524 Tlte
549 3473 712 3536 soccdliops
722 3474 752 3523 111
764 3473 903 3535 Bithynia.

235 3625 361 3700 Magna,
390 3623 523 3699 domine,
552 3629 584 3683 et
611 3623 651 3682 ad
680 3628 779 3683 totam
811 3623 1004 3700 provinciam
1036 3623 1232 3701 pertinens1

146 3740 176 3788 1ο
196 3729 337 3808 quaestio
352 3735 400 3789 est
414 3730 452 3789 de
464 3728 645 3789 condicione
660 3733 692 3788 et
705 3727 865 3790 alimentis
877 3747 980 3788 eorum
997 3747 1075 3807 quos
1086 3734 1199 3790 vocant
