2782 4164
210 299 253 366 50
635 305 786 364 111111

211 484 262 545 vel
277 490 392 562 puncto
413 479 562 558 temporis
584 479 768 555 solebamus,
783 480 915 539 eandem
934 498 1017 538 nunc
1039 485 1071 539 et
1092 479 1147 557 qui
1169 497 1214 539 re·

210 590 307 649 citare
328 587 434 665 etqui
455 585 564 645 audire
584 584 691 644 triduo
712 583 812 643 velint
833 583 1046 659 inveniuntur,
1061 584 1214 661 nunquia

210 692 408 771 eloquentius
423 708 517 768 quarn
530 689 627 766 prius,
643 688 699 747 sed
715 688 790 766 quia
810 687 950 764 liberius,
965 688 1096 766 ideoque
1117 688 1214 747 etiam

210 798 361 859 libentius
385 796 540 857 scribitur.
583 794 723 854 Accedet
745 812 817 869 ergo
841 793 900 853 hoc
921 812 1044 871 quoque
1066 793 1247 854 laudibust

175 917 189 963 c
210 902 362 982 principis
383 901 493 977 nostri,
516 899 600 977 quod
619 904 785 959 11111111
804 904 870 958 tam
890 898 995 958 invisa
1015 917 1109 975 quam
1130 898 1215 958 falsa

210 1028 292 1068 nunc
303 1014 340 1068 ut
350 1026 426 1067 vera
439 1006 485 1066 ita
498 1003 643 1065 amabilis
657 1004 745 1064 facta
757 1009 814 1063 111.
848 1003 910 1063 Sed
923 1022 980 1078 ego
991 987 1214 1063 cum'studium
1233 1019 1248 1064 8

210 1113 407 1174 audientium
442 1109 689 1170 tum-iudicium
716 1109 793 1168 mire
820 1107 967 1186 probavi:
1004 1107 1214 1168 animadverti

211 1218 295 1278 enim
316 1215 515 1278 severissima
531 1231 673 1292 quaeque
688 1212 738 1272 vel
760 1212 894 1272 maxime
917 1212 1106 1272 satisfacere.
1150 1215 1215 1273 Me
1233 1228 1248 1274 9

211 1324 288 1384 mini
316 1321 443 1400 quidem
470 1338 519 1379 me
546 1337 610 1378 non
638 1318 747 1378 multis
781 1317 930 1378 recitasse
958 1318 1042 1395 quod
1069 1319 1214 1380 omnibus

163 1441 192 1488 10
211 1428 332 1507 scripsi,
347 1425 449 1485 nihilo
463 1424 566 1483 minus
581 1428 696 1498 tamen,
712 1428 873 1500 tamquam
888 1422 931 1482 sit
945 1422 1053 1481 eadem
1074 1424 1213 1484 omnium

211 1536 320 1594 futura
344 1528 510 1605 sententia,
532 1529 590 1587 hac
612 1527 779 1588 severitate
800 1526 924 1587 aurium
944 1526 1053 1602 laetor,
1075 1546 1111 1587 ac
1133 1528 1215 1592 sicut

212 1641 288 1701 olim
301 1642 428 1702 theatra
447 1642 528 1703 male
549 1643 684 1704 musicos
702 1622 812 1703 canere
826 1643 1008 1717 docueruut,
1023 1642 1070 1700 ita
1082 1657 1165 1698 nunc
1180 1638 1215 1697 in

212 1764 299 1824 spem
321 1748 457 1807 adducor
472 1767 562 1825 posse
583 1747 653 1807 fieri
674 1754 710 1807 11
731 1748 838 1807 eadem
859 1747 985 1807 theatra
1005 1747 1083 1806 bene
1104 1762 1214 1804 canere

212 1852 346 1912 musicos
361 1853 501 1912 doceant.
545 1853 660 1913 Omnes
681 1852 765 1912 euim
786 1852 841 1930 qui
861 1851 1007 1928 placendi
1029 1869 1122 1911 causa
1143 1848 1215 1909 scri·
1236 1857 1263 1903 1⁰

164 1967 192 2012 15
212 1957 291 2016 bunt
305 1957 413 2034 qualia
426 1957 548 2034 placere
570 1957 709 2016 viderint
730 1957 874 2017 scribent.
918 1956 966 2015 Ac
986 1955 1066 2014 mihi
1086 1954 1214 2033 quidem

213 2060 334 2121 confido
349 2061 383 2120 in
396 2061 455 2121 hoc
470 2080 581 2136 genere
596 2062 743 2121 materiae
761 2061 902 2121 laetioris
925 2060 991 2120 stili
1013 2065 1156 2119 constare
1170 2077 1216 2117 ra

212 2166 338 2241 tionem,
354 2185 425 2225 cum
440 2167 595 2244 capotius
610 2184 689 2243 quae
703 2166 841 2243 pressius
863 2171 896 2225 et
916 2164 1100 2225 adstrictius
1121 2182 1217 2241 quam

213 2269 271 2330 illa
295 2290 373 2348 quae
402 2271 534 2331 hilarius
564 2278 595 2330 et
623 2271 715 2348 quasi
742 2271 937 2331 exultantius
959 2268 1071 2346 scripsi
1092 2267 1216 2345 possint

214 2376 315 2435 videri
330 2377 480 2437 arcessita
494 2383 525 2435 11
541 2377 684 2436 inducta:
708 2396 770 2435 non
784 2377 854 2435 ideo
875 2383 981 2436 tamen
1003 2374 1129 2451 segnius
1150 2391 1217 2450 pre

164 2492 195 2538 1ο
214 2486 319 2541 corut
337 2482 522 2558 quandoque
540 2481 646 2541 veniat
667 2480 734 2541 dies
758 2480 955 2558 (utinamque
976 2481 1040 2540 iam
1061 2479 1183 2538 venerit
1193 2480 1215 2561 1)

215 2604 276 2662 qno
299 2586 432 2645 austeris
456 2585 523 2645 illis
544 2586 723 2663 severisque
744 2586 849 2644 dulcia
869 2586 945 2645 haec
967 2584 1144 2661 blandaque
1165 2582 1216 2642 vel

215 2690 298 2749 iusta
326 2690 521 2766 possessione
550 2690 710 2750 decedant.
767 2690 875 2750 Habes
903 2695 974 2750 1111
1000 2708 1070 2749 mea
1097 2687 1216 2762 tridui;
1238 2695 1264 2741 11

215 2794 329 2872 quibus
350 2794 484 2870 cognitis
505 2795 592 2854 volui
613 2800 736 2854 tautum
757 2800 788 2853 te
811 2794 982 2872 voluptatis
1004 2794 1164 2853 absentem
1185 2797 1217 2851 et

216 2899 391 2958 studiorum
404 2899 530 2959 nomine
545 2905 659 2959 111111
676 2917 795 2976 capere,
811 2903 963 2976 qnantum
983 2915 1131 2976 praesens
1152 2914 1219 2974 per·

166 3018 195 3064 15
216 3003 319 3081 cipere
334 3003 497 3081 potuisses.
540 3004 627 3065 Vale.

614 3186 667 3246 11.
696 3183 814 3265 (xix.)

389 3344 419 3395 Ο.
444 3344 590 3394 PLINIUS
613 3343 785 3394 CALVISIO
809 3344 904 3394 RUFO
929 3344 996 3395 SUO
1021 3344 1047 3396 S.

290 3491 372 3554 Pliny
389 3493 453 3542 11111
470 3493 559 3542 advice
577 3491 658 3542 about
675 3493 717 3541 the
731 3493 864 3554 parrhase
882 3493 915 3555 of
927 3493 1040 3542 another
1057 3496 1145 3542 111111.

257 3636 397 3696 Adsumo
412 3643 443 3696 11
458 3636 492 3695 11
506 3635 672 3696 consilium
685 3636 731 3696 rei
746 3635 922 3710 familiaris,
937 3640 973 3694 11
995 3636 1085 3695 11111.
1129 3635 1221 3694 Prae
1240 3643 1254 3689 1

218 3741 271 3800 dia
290 3742 374 3817 agris
396 3742 474 3801 meis
491 3741 597 3801 vicina
617 3748 712 3819 atque
734 3741 830 3800 etiam
851 3741 970 3799 inserta
990 3739 1115 3799 venalia
1136 3745 1218 3799 sunt.
