2782 4164
161 298 204 366 28
589 316 619 369 c.
638 318 739 368 mim

160 503 246 544 mum
261 491 318 546 est.
362 486 407 546 At
420 487 546 548 hercule
560 494 632 548 ante
647 488 828 548 memoriam
842 508 944 549 meam
959 489 1019 569 (ita
1032 488 1166 551 maiores

160 595 239 649 natu
260 589 362 650 solent
384 591 501 673 dicere)
523 612 562 652 ne
586 593 790 654 nobilissimis
816 594 943 671 quidem
962 594 1168 654 adulescenti-

161 694 219 754 bus
234 694 320 755 loous
331 702 399 756 erat
409 697 472 756 nisi
486 697 592 775 aliquo
607 698 763 758 consulari
778 699 984 775 producente:
1017 704 1168 758 tantave

161 800 323 859 neratione
337 801 582 877 pulcherrimum
604 821 681 879 opus
696 802 864 862 colebatur.
906 804 1000 862 Nunc
1021 804 1167 864 refractis
1187 817 1202 863 4

125 916 141 961 o
161 904 290 981 pudoris
311 911 344 964 et
365 906 559 966 reverentiae
580 907 727 967 claustris
752 908 857 966 omnia
881 914 991 985 patent
1013 908 1167 983 omnibus,

74 1064 78 1071 .
160 1027 217 1068 nec
241 1009 433 1070 inducuntur
457 1012 513 1071 sed
537 1011 729 1088 inrumpunt.
774 1013 926 1072 Secuntur
945 1013 1102 1073 auditores
1122 1031 1169 1072 ac-

160 1114 281 1176 toribus
297 1115 427 1190 similes,
443 1116 590 1176 conducti
609 1122 641 1175 et
660 1118 832 1194 redempti:
856 1136 1003 1194 manceps
1024 1117 1169 1177 conveni·

161 1225 229 1279 tur:
260 1220 294 1279 in
320 1221 425 1280 media
451 1220 582 1280 basilica
605 1226 670 1280 tam
699 1221 802 1298 palam
832 1221 989 1299 sportulae
1014 1241 1109 1300 quam
1133 1223 1168 1281 in

161 1324 300 1384 triclinio
325 1325 456 1384 dantur:
487 1344 527 1384 ex
551 1325 669 1384 iudicio
692 1326 725 1384 in
748 1326 900 1385 iudicium
928 1327 996 1404 pari
1025 1328 1167 1387 mercede

112 1443 142 1488 10
161 1430 322 1489 transitur.
379 1430 459 1488 Inde
488 1430 550 1489 iam
579 1449 641 1488 non
666 1429 818 1489 inurbane
836 1433 994 1505 Σοφοκλεῖς
1015 1437 1203 1492 vocanturo

163 1533 235 1612 [ἀπὸ
245 1539 294 1594 τοῦ
304 1539 402 1608 σοφῶς
417 1536 462 1593 καὶ
477 1535 655 1614 schemat}
679 1535 778 1594 isdem
793 1534 941 1594 Latinum
956 1554 1068 1594 nomen
1083 1536 1169 1613 inpo-

163 1639 258 1699 situm
269 1645 319 1698 est
335 1639 515 1698 Laudiceni.
559 1640 601 1698 Et
625 1644 731 1698 tamen
752 1639 864 1699 crescit
886 1639 1008 1699 indies
1030 1641 1167 1702 foeditas
1187 1659 1203 1704 6

161 1749 294 1820 utraque
322 1742 431 1817 lingua
458 1750 574 1802 notata.
628 1744 713 1801 Here
742 1744 803 1802 duo
830 1744 1077 1804 nomenclatores
1105 1745 1168 1805 mei

163 1848 294 1926 (habent
309 1866 383 1908 sane
398 1853 532 1907 aetatem
548 1866 654 1906 eorum
670 1848 725 1924 qui
739 1867 839 1925 nuper
852 1853 941 1923 togas
960 1850 1165 1931 sumpserint)

113 1971 141 2015 15
160 1953 259 2013 ternis
275 1952 412 2012 denariis
424 1953 464 2011 ad
475 1952 667 2011 laudandum
678 1953 891 2020 trahebantur.
934 1953 1029 2012 Tanti
1044 1960 1168 2014 constat

160 2063 198 2116 ut
220 2058 264 2117 sis
292 2057 529 2116 disertissimus.
573 2058 642 2114 Hoc
671 2057 772 2133 pretio
801 2058 974 2134 quamlibet
1002 2077 1169 2118 numerosa

162 2162 312 2223 subsellia
332 2161 502 2238 inplentur,
518 2161 576 2219 hoc
600 2161 710 2235 ingens
731 2179 844 2220 corona
858 2162 1026 2236 colligitur,
1042 2163 1100 2222 hoc
1123 2162 1168 2221 in-

161 2267 245 2325 finiti
262 2267 412 2326 clamores
430 2272 672 2339 commoventur,
688 2284 758 2324 cum
780 2266 978 2326 mesochorus
1000 2267 1088 2327 dedit
1109 2267 1169 2343 sig·
1187 2285 1202 2331 ‘1

161 2391 254 2430 num:
277 2390 355 2448 opus
380 2376 428 2430 est
453 2370 536 2429 enim
563 2370 652 2444 siguo
677 2371 760 2447 apud
785 2390 848 2429 non
872 2371 1101 2447 intellegentes,
1127 2391 1168 2432 ne

112 2491 142 2536 ‘ro
162 2476 325 2535 audientes
347 2475 489 2552 quidem3
519 2494 591 2534 nam
614 2474 755 2551 plerique
776 2494 838 2533 non
860 2475 1002 2550 audiunt,
1024 2494 1081 2535 nec
1108 2475 1203 2535 ullis

161 2582 261 2656 magis
286 2581 424 2640 laudaut.
470 2580 504 2639 Si
531 2580 656 2656 quando
684 2579 834 2640 transibis
863 2600 918 2658 per
945 2581 1108 2641 basilicam
1136 2588 1168 2641 et

162 2687 247 2746 voles
270 2686 431 2762 scireque
453 2685 544 2744 modo
566 2684 699 2761 quisque
721 2685 815 2758 dicat,
837 2685 918 2744 nihil
941 2692 989 2746 est
1010 2688 1093 2764 quod
1114 2687 1169 2746 tri-

161 2792 256 2852 bunal
279 2791 437 2864 ascendas,
460 2789 541 2848 nihil
565 2790 649 2866 quod
674 2790 822 2866 praebeas
844 2809 967 2866 aurem3
997 2792 1102 2852 facilis
1124 2793 1168 2852 di-

161 2897 298 2956 vinatio:
322 2895 401 2955 scito
415 2913 485 2953 eum
500 2894 635 2971 pessime
651 2894 754 2953 dicere
765 2894 820 2971 qui
831 2895 1010 2954 laudabitur
1021 2897 1166 2956 maxime.

111 3016 141 3061 25
161 3001 288 3060 Primus
309 3000 393 3058 hunc
414 2998 563 3059 audiendi
584 3018 702 3057 morem
724 2998 851 3058 induxit
872 3000 1006 3075 Largius
1028 3001 1167 3077 Licinus,
1188 3015 1204 3061 9

161 3106 313 3165 hacteuus
341 3110 447 3164 tamen
475 3109 512 3162 ut
536 3102 695 3163 auditores
723 3110 915 3178 corrogaret:
944 3105 990 3165 ita
1017 3111 1100 3165 certe
1129 3125 1168 3166 ex
1189 3123 1218 3168 ιο

162 3209 366 3283 Quintiliano,
381 3213 582 3286 praeceptore
596 3226 673 3281 meo,
689 3207 814 3267 audisse
829 3209 967 3267 memini.
1009 3210 1169 3271 Narrabat

162 3314 217 3373 ille
233 3312 434 3373 ‘adsectabar
453 3312 627 3371 Domitium
646 3311 778 3370 Afrum:
801 3331 871 3371 cum
894 3314 977 3390 apud
998 3315 1169 3374 centumvi-

162 3437 213 3478 ros
228 3418 346 3477 diceret
360 3417 498 3493 graviter
513 3422 544 3475 et
558 3416 643 3474 lente
659 3415 730 3493 (hoc
746 3416 829 3474 enim
847 3417 896 3475 illi
915 3418 1048 3479 actionis
1071 3438 1167 3495 genus

113 3541 143 3587 ao
162 3525 254 3603 erat),
270 3522 360 3581 audit
379 3540 418 3580 ex
437 3520 578 3597 proximo
600 3519 790 3578 inmodicum
812 3520 1036 3599 insolitumque
1057 3524 1169 3583 clamo·

163 3645 237 3686 rem.
280 3625 463 3685 Admiratus
493 3623 630 3683 reticuit.
679 3623 744 3683 Ubi
773 3623 934 3684 silentium
962 3626 1081 3685 factum
1109 3633 1167 3703 est,

163 3729 291 3808 repetiit
305 3730 388 3807 quod
403 3728 577 3805 abruperat.
622 3727 742 3785 Iterum
758 3727 881 3802 clamor,
897 3729 1011 3788 iterum
1031 3731 1167 3807 reticuit,
1189 3744 1217 3790 11
