2782 4164
631 314 661 367 (l.
680 315 782 366 PLINI

593 522 647 584 er.
675 519 823 602 (xxiv.)

424 679 455 732 0.
479 679 625 731 PLINIUS
648 678 847 731 SABINIANO
871 678 939 731 SUO
962 678 989 731 S.
1076 690 1077 693 ’

350 827 459 880 Sacccm
471 829 504 891 os
511 828 619 889 Plirry's
632 829 803 878 intercession
809 828 859 890 sor
870 826 913 876 tte
919 827 1069 890 sreedmora

220 1040 223 1045 ,
249 974 334 1034 Bene
355 971 462 1033 fecisti
482 973 566 1050 quod
586 971 733 1032 libertum
747 970 916 1049 aliquando
930 970 991 1030 tibi
1004 989 1110 1037 carum
1124 971 1213 1031 redu·
1232 995 1245 1041 1

209 1079 352 1139 centibus
374 1077 519 1156 epistulis
540 1076 619 1136 meis
640 1076 675 1136 in
695 1077 831 1152 domum,
846 1075 881 1136 in
894 1075 1033 1135 animum
1054 1075 1209 1154 recepisti.

209 1183 337 1243 Iuvabit
358 1182 416 1242 hoc
436 1187 485 1242 to:
513 1201 563 1241 me
584 1187 667 1241 certe
689 1181 793 1256 iuvat,
819 1180 964 1259 primum,
986 1181 1071 1258 quod
1091 1185 1124 1240 te
1145 1185 1211 1240 tam

209 1286 405 1348 tractabilem
433 1287 525 1346 video
553 1293 589 1346 ut
617 1287 650 1345 in
678 1286 726 1345 ira
752 1285 819 1361 regi
846 1285 958 1363 possis,
983 1284 1106 1360 deinde,
1128 1276 1214 1362 quod

174 1397 332 1456 stantum
353 1392 433 1451 mihi
453 1392 566 1452 tribuis
589 1397 625 1450 ut
646 1391 696 1450 vel
717 1390 899 1451 auctoritati
922 1407 1009 1450 meae
1029 1408 1140 1467 pareas
1161 1388 1212 1449 vel

209 1498 353 1575 precibus
369 1496 539 1573 indulgeas.
581 1496 685 1572 Igitur
703 1496 796 1555 laudo
816 1501 848 1555 et
869 1495 986 1572 gratias
1000 1513 1065 1571 ago.
1110 1494 1213 1555 Simul

210 1602 414 1680 inposterum
438 1621 547 1661 moneo
568 1607 604 1661 ut
624 1607 655 1661 te
677 1601 832 1661 erroribus
847 1605 981 1676 tuorum,
996 1599 1058 1660 etsi
1071 1618 1135 1660 non
1148 1599 1214 1659 fue
1260 1669 1263 1674 ι

211 1707 253 1767 rit
267 1706 322 1786 qui
336 1707 528 1784 deprecetur,
543 1706 730 1784 placabilem
743 1710 891 1784 praestes.
934 1703 1021 1767 Vale.

577 1923 629 1986 aa
658 1921 847 2003 (mm.)

456 2081 485 2132 o.
510 2081 655 2133 rmruos
678 2081 829 2133 oaurruo
853 2055 922 2134 suo
944 2081 971 2134 s

463 2230 618 2293 Wondersul
630 2231 683 2281 tale
695 2231 728 2294 os
734 2244 751 2280 a
763 2236 832 2281 tame
845 2229 965 2292 dolptia.

251 2374 356 2437 Incidi
376 2374 410 2435 in
430 2375 594 2436 materiam
608 2394 724 2450 veram,
746 2376 801 2437 sed
822 2374 1016 2436 simillimam
1036 2373 1129 2436 fictae
1150 2375 1216 2453 dig·
1234 2380 1249 2427 1

163 2491 192 2537 10
212 2499 346 2558 namque
367 2480 428 2540 isto
449 2480 632 2554 laetissimo,
647 2480 811 2555 altissimo,
826 2479 981 2559 planeque
995 2479 1118 2557 poetico
1132 2479 1216 2555 inge-

212 2584 274 2660 nie,
290 2584 516 2659 insidiantem,
532 2585 605 2643 dum
627 2603 720 2663 super
741 2592 849 2644 cenam
863 2584 951 2644 varia
969 2584 1122 2644 miracula
1140 2583 1215 2644 hino

212 2689 286 2749 inde
317 2689 504 2748 referuntur.
560 2691 678 2766 Magna
705 2689 824 2749 auctori
851 2689 946 2750 fides:
982 2688 1110 2750 tametsi
1137 2688 1216 2766 quid

211 2800 321 2872 poetae
343 2812 412 2853 oum
434 2794 521 2853 fide?
564 2794 598 2854 Is
618 2801 726 2854 tamen
746 2800 853 2854 auctor
873 2793 924 2854 cui
945 2793 1024 2854 bene
1044 2793 1096 2854 vel
1119 2793 1216 2854 histo

213 2898 292 2958 riam
313 2899 486 2976 scripturus
507 2899 700 2960 credidisses.
742 2900 802 2961 Est
819 2899 854 2958 in
868 2898 979 2958 Africa
999 2898 1215 2977 Hipponensis
1234 2906 1250 2951 2

164 3017 198 3064 ιε
213 3003 342 3077 colonia,
358 3002 438 3062 mari
455 3003 616 3081 proxima:
644 3004 767 3064 adiacet
787 3002 965 3080 navigabile
986 3009 1146 3080 stagnum:
1177 3021 1216 3062 ex

212 3108 271 3168 hoc
292 3107 326 3166 in
347 3108 474 3167 modurn
494 3107 635 3169 fluminis
662 3108 851 3170 aestuarium
880 3107 1021 3185 emergit,
1043 3107 1127 3185 quod
1147 3107 1215 3166 vice

183 3289 186 3294 ,
213 3212 344 3287 alterna,
372 3218 465 3291 prout
499 3220 606 3274 aestus
636 3220 690 3274 aut
720 3213 870 3292 repressit
897 3218 953 3274 aut
980 3211 1105 3291 inpulit,
1134 3230 1217 3275 nunc

213 3317 350 3377 infertur
377 3318 456 3378 mari
483 3337 567 3379 nuno
595 3319 737 3379 redditur
765 3325 883 3395 stagno.
926 3318 1036 3379 Omnis
1057 3316 1109 3377 hic
1130 3323 1220 3378 aetas·
1236 3328 1257 3380 3*

213 3422 366 3500 piscandi,
381 3423 561 3499 navigandi,
577 3430 670 3502 atque
692 3424 787 3483 etiam
808 3424 939 3483 natandi
960 3423 1065 3484 studio
1081 3426 1216 3497 tenetur,

164 3545 194 3592 ao
213 3528 349 3588 maxime
363 3529 461 3605 pueri,
473 3549 551 3606 quos
566 3530 663 3588 otium
680 3529 829 3607 lususque
841 3528 998 3590 sollicitat.
1041 3527 1104 3587 His
1118 3525 1218 3604 gloria

214 3639 246 3701 et
267 3633 369 3692 virtus
390 3633 544 3694 altissime
559 3634 705 3712 provehi:
727 3634 828 3694 victor
843 3633 897 3693 ille
912 3633 966 3712 qui
980 3631 1162 3709 longissime
1181 3636 1225 3690 ut·

214 3737 291 3799 litus
317 3737 363 3797 ita
386 3737 480 3798 simul
508 3744 654 3800 natantes
682 3739 817 3818 reliquit.
861 3739 931 3799 Hoc
951 3737 1121 3799 certamine
1141 3753 1219 3816 puer
1238 3753 1254 3797 4
