2782 4164
217 308 258 375 98
632 318 663 370 c.
688 317 790 370 rnnu

214 492 339 568 longius
349 491 459 570 primo,
472 491 617 552 deinde'e
628 491 770 570 proximo
780 491 989 553 reddebatur:
1010 510 1083 551 mox
1094 509 1221 570 appare

214 597 405 672 bat'idolon,
421 615 517 658 senex
535 597 633 657 macie
654 602 687 656 et
708 597 852 675 squalore
873 597 1043 672 confectus,
1065 596 1220 674 promissa

214 701 318 778 barba,
329 701 471 761 horrenti
485 701 617 780 capillo:
639 702 780 762 cruribus
795 702 968 780 compedes,
979 701 1124 762 manibus
1138 706 1219 762 cate·

213 826 270 867 nas
293 806 420 883 gerebat
444 807 675 885 quatiebatque.
727 807 807 867 Inde
831 807 1081 867 inhabitantibus
1108 805 1252 867 tristcso

179 924 194 970 o
214 912 362 991 diraeque
372 917 480 972 noctes
491 931 547 990 per
557 918 676 972 metum
686 911 914 989 vigilabantur:
937 911 1080 987 vigiliam
1090 911 1217 973 morbus

213 1023 246 1077 et
263 1023 422 1079 crescente
442 1016 611 1076 formidine
632 1036 715 1078 mors
736 1017 931 1095 sequebatur.
974 1017 1058 1076 Nam
1078 1015 1218 1077 interdiu

213 1141 345 1201 quoque,
360 1140 550 1201 quamquam
567 1122 759 1182 abscesserat
774 1121 889 1197 imago,
901 1121 1051 1181 memoria
1068 1120 1217 1197 imaginis

213 1227 312 1288 oculis
338 1225 506 1302 inerrabat,
535 1225 718 1304 longiorque
742 1225 845 1287 causis
869 1225 992 1286 timoris
1015 1225 1111 1285 timor
1138 1232 1214 1286 erat.

212 1333 346 1392 Deserta
369 1331 444 1391 inde
468 1336 501 1390 ct
524 1331 672 1391 damnata
696 1330 865 1391 solitudine
886 1330 996 1390 domus
1017 1335 1145 1408 totaque
1166 1329 1216 1389 illi

164 1446 194 1492 10
213 1442 352 1496 monstro
372 1435 497 1512 relicta;
526 1435 777 1513 proscribebatur
797 1441 912 1510 tamen,
932 1453 987 1495 seu
1011 1434 1082 1512 quis
1104 1453 1215 1511 emere,

213 1560 268 1603 seu
295 1542 366 1619 quis
394 1541 566 1602 conducere
594 1540 721 1617 ignarus
749 1541 831 1601 tanti
857 1540 935 1600 mali
961 1540 1066 1600 vellet.
1118 1541 1250 1601 Venit?

212 1647 355 1707 Athenas
380 1646 586 1725 philosophus
609 1645 841 1720 Athenodorus,
866 1645 944 1723 legit
970 1645 1110 1720 titulum,
1132 1646 1217 1706 audi·

212 1759 307 1830 toque
327 1751 438 1829 pretio,
460 1752 535 1829 quia
555 1757 702 1829 suspecta
721 1751 838 1827 vilitas,
860 1756 1089 1829 percunctatus,
1111 1751 1217 1811 omnia

212 1857 342 1916 docetur
368 1874 404 1916 ac
431 1856 532 1915 nihilo
558 1856 673 1930 minus,
693 1856 789 1915 immo
816 1861 906 1915 tanto
932 1854 1032 1930 magis
1060 1854 1214 1915 conducit.

164 1978 194 2023 15
214 1961 280 2023 Ubi
292 1961 396 2039 coepit
410 1961 678 2038 advesperascere,
693 1960 780 2020 iubet
794 1961 892 2020 sterni
908 1958 969 2019 sibi
984 1959 1088 2036 prima
1104 1959 1215 2020 domus

212 2071 311 2143 parte,
336 2065 438 2143 poscit
462 2064 634 2143 pugillares
662 2064 770 2124 stilum
795 2063 917 2123 lumen:
949 2082 1022 2124 suos
1047 2081 1154 2123 omnes
1182 2064 1216 2122 in

194 2170 363 2231 ,interiora
386 2169 530 2244 dimittit,
554 2169 622 2247 ipse
649 2169 689 2228 ad
717 2168 913 2229 scribendum
943 2168 1083 2228 animum
1110 2167 1215 2229 oculos

212 2278 340 2334 manum
367 2274 514 2348 intendit,
542 2292 582 2333 ne
610 2291 708 2332 vacua
735 2291 824 2333 mens
852 2272 962 2333 audita
988 2273 1157 2333 simulacra
1183 2278 1216 2332 et

212 2379 322 2439 inanes
343 2379 404 2439 sibi
425 2384 527 2438 metus
547 2378 688 2453 fingeret.
731 2377 838 2453 Initio,
861 2378 953 2455 quale
977 2378 1103 2454 ubique,
1124 2376 1250 2437 silens

164 2504 194 2549 ao
213 2484 293 2543 tium
314 2483 425 2557 noctis,
447 2482 521 2542 dein
541 2482 664 2542 concuti
688 2482 817 2557 ferrum,
839 2481 966 2541 vincula
988 2481 1123 2541 moveri:
1160 2480 1215 2541 illc

212 2608 274 2648 non
299 2587 410 2648 tollere
434 2586 548 2661 oculos,
570 2605 633 2646 non
657 2587 816 2645 remittere
838 2586 957 2658 stilum,
982 2585 1038 2645 sed
1061 2585 1215 2646 ollirmare

213 2694 352 2752 animum
367 2692 556 2770 auribusque
570 2691 790 2768 praetendere:
814 2696 881 2749 tum
892 2691 1084 2750 crebrescere
1098 2691 1214 2767 fragor,

213 2798 392 2872 adventare,
407 2803 440 2857 et
453 2796 516 2857 iam
531 2801 567 2854 ut
580 2796 613 2854 in
628 2795 746 2868 limine,
758 2795 821 2854 iam
834 2800 871 2854 ut
884 2794 968 2854 intra
982 2794 1079 2854 limen
1094 2794 1213 2855 audirir

214 2902 351 2979 respicit,
370 2901 459 2961 videt
480 2901 681 2978 agnoscitque
703 2906 860 2959 narratam
882 2898 943 2958 sibi
964 2898 1105 2975 effigiem.
1149 2900 1216 2959 Sta·
1234 2911 1250 2956 9

164 3023 195 3070 tu
213 3007 268 3067 bat
291 3006 503 3084 innuebatque
528 3004 636 3081 digito,
662 3003 775 3065 similis
799 3003 940 3063 vocanti:
972 3004 1025 3064 hic
1046 3011 1156 3065 contra
1178 3010 1216 3064 ut

213 3111 340 3190 paulum
366 3116 561 3189 exspectaret
583 3129 678 3169 mauu
702 3107 860 3184 significat
886 3127 1055 3186 rursusque
1079 3109 1159 3169 ceris
1183 3114 1217 3169 et

214 3216 289 3277 stilo
310 3215 479 3276 incumbite
508 3213 566 3274 illa
586 3213 751 3274 scribentis
772 3213 870 3292 capiti
890 3213 1009 3273 catenis
1030 3213 1214 3273 insonabat:

214 3320 342 3399 respicit
356 3339 462 3380 rursus
479 3319 561 3379 idem
579 3318 663 3396 quod
684 3317 771 3396 prius
792 3318 984 3393 innuentem,
998 3335 1055 3377 nec
1076 3324 1216 3379 moratus

214 3425 300 3487 tollit
324 3424 429 3484 lumsu
453 3430 486 3484 et
507 3422 657 3501 sequitur.
707 3423 781 3483 Ibat
809 3422 865 3482 illa
888 3423 974 3482 lento
995 3423 1102 3498 gradu,
1125 3423 1217 3500 quasi
1236 3446 1267 3493 ιο

166 3549 196 3596 so
215 3530 319 3608 gravis
345 3528 495 3589 vinculis:
518 3536 684 3606 postquam
709 3526 839 3587 deflexit
862 3528 896 3586 iu
916 3545 1020 3586 aream
1039 3528 1159 3602 domus,
1174 3546 1219 3587 re

215 3642 309 3715 pente
326 3633 449 3711 dilapsa
468 3632 586 3693 deserit-
605 3632 767 3693 comitem:
791 3632 933 3692 desertus
952 3631 1064 3692 herbas
1084 3638 1117 3692 et
1138 3631 1219 3693 folia

215 3743 382 3816 concerpta
395 3738 520 3814 signum
535 3735 603 3797 loco
620 3737 716 3815 pouit.
760 3737 891 3797 Postero
907 3735 959 3795 die
976 3735 1044 3796 adit
1056 3736 1219 3813 magistra
1238 3752 1267 3798 ιι
