2782 4164
526 315 790 368 nmsrunsauu
813 316 863 369 ur
883 316 908 371 r.
1171 306 1214 371 43

210 491 304 546 natus
319 485 505 548 insanabilis
520 485 638 563 clavus,
652 488 741 548 cuius
761 488 866 548 taedio
882 488 922 548 ad
943 495 1075 556 mortem
1096 488 1216 549 inrevo

210 591 305 651 cabili
325 591 504 652 constantia
525 592 711 668 decucurrit,
733 611 832 671 usque
859 593 900 653 ad
928 613 1108 671 supremum
1130 594 1215 654 diem

210 695 321 757 beatus
345 703 378 756 et
402 697 491 772 felix,
516 697 578 758 nisi
606 698 690 776 quod
718 698 869 757 minorem
898 716 936 757 ex
961 698 1069 759 liberis
1094 698 1215 759 duobus

210 802 326 877 amisit,
342 802 398 862 sed
414 802 562 863 maiorem
581 803 803 880 melioremque
820 803 981 863 florentem
1005 809 1099 881 atque
1118 804 1215 864 etiam

175 921 192 966 3
211 907 405 968 consularem
424 907 561 985 reliquit.
605 908 754 968 Laeserat
768 909 885 968 famam
903 928 991 970 suam
1007 910 1065 969 sub
1079 910 1214 983 Nerone,
1234 921 1249 966 u

211 1013 394 1072 credebatur
415 1018 526 1090 sponte
547 1031 723 1088 accusasse;
750 1014 805 1074 sed
827 1013 860 1072 in
877 1013 989 1074 Vitelli
1010 1014 1149 1074 amicitia
1170 1033 1216 1074 sa

211 1118 334 1195 pienter
358 1137 391 1177 se
413 1124 446 1178 et
473 1117 602 1178 comiter
630 1124 777 1194 gesserat,
802 1137 841 1178 ex
869 1119 1092 1197 proconsulatu
1119 1120 1215 1180 Asiae

212 1223 342 1298 gloriam
364 1228 586 1300 reportaverat,
606 1223 760 1283 maculam
779 1224 893 1284 veteris
916 1225 1089 1286 industriae
1110 1224 1216 1285 lauda

175 1328 269 1389 4bili
297 1328 362 1388 otio
389 1327 541 1387 abluerat.
585 1328 660 1388 Fuit
685 1327 767 1388 inter
795 1327 952 1407 principes
980 1329 1118 1389 civitatis
1147 1330 1215 1390 sine

212 1433 361 1511 potentia,
376 1433 444 1492 sine
458 1433 592 1493 invidia:
615 1433 820 1507 salutabatur,
835 1433 1003 1508 colebatur,
1019 1434 1215 1511 multumque
1236 1439 1263 1485 1⁰

212 1538 246 1596 in
272 1537 389 1597 lectulo
412 1538 517 1597 iacens
543 1536 687 1597 cubiculo
711 1556 834 1615 semper
856 1557 919 1598 non
943 1557 982 1597 ex
1007 1538 1136 1598 fortuna
1157 1539 1217 1598 fre

212 1642 321 1720 quenti
344 1641 535 1703 doctissimis
564 1642 758 1702 sermonibus
786 1643 854 1703 dies
882 1643 1077 1718 transigebat
1103 1662 1174 1702 cum
1197 1662 1217 1703 a

175 1768 192 1813 s
212 1746 376 1808 scribendo
390 1743 522 1807 vacaret
565 1747 728 1807 Scribebat
741 1748 881 1808 carmina
894 1749 1009 1808 maiore
1030 1766 1104 1807 eura
1121 1767 1214 1825 quam

211 1852 347 1928 ingenio,
367 1871 431 1910 non
449 1870 619 1929 numquam
648 1852 766 1911 iudicia
792 1852 953 1911 hominum
980 1852 1215 1913 recitationibus

175 1973 192 2019 6
211 1957 438 2035 experiebatur.
481 1956 662 2017 Novissime
683 1959 728 2016 ita
750 1957 954 2018 suadentibus
974 1957 1064 2017 annis
1081 1958 1120 2017 ab
1138 1957 1215 2017 urbe
1236 1965 1264 2011 1⁶

212 2061 350 2137 secessit,
362 2080 457 2138 seque
472 2061 505 2119 in
521 2061 693 2139 Campania
707 2062 818 2136 tenuit,
832 2081 866 2121 ao
881 2081 920 2121 ne
936 2062 1074 2121 adventu
1088 2062 1216 2139 quidem

175 2177 191 2225 t
210 2167 285 2227 novi
301 2166 453 2245 principis
467 2164 540 2225 inde
555 2172 728 2227 commotus
745 2174 801 2226 est
845 2168 962 2241 Magna
975 2167 1117 2228 Caesaris
1137 2167 1215 2241 laus,

212 2272 270 2333 sub
284 2290 346 2349 quo
359 2271 418 2330 hoc
435 2270 568 2330 liberum
584 2271 656 2345 luit,
671 2290 785 2346 magna
803 2271 900 2346 illius,
916 2270 971 2348 qui
990 2272 1049 2331 hac
1070 2271 1215 2331 libertate

143 2366 146 2372 ³
211 2395 306 2437 ausus
325 2382 374 2437 est
394 2375 449 2435 uti.
494 2377 572 2436 Erat
595 2377 752 2450 φιλόκαλος
773 2395 871 2453 usque
893 2376 934 2435 ad
953 2376 1128 2436 emacitatis
1151 2395 1216 2453 rep

175 2482 437 2542 trebensionem.
484 2481 595 2541 Plures
624 2481 722 2541 isdem
753 2482 786 2540 in
810 2481 887 2542 locis
915 2481 1008 2541 villas
1036 2481 1216 2559 possidebat
1235 2485 1265 2531 2⁰

212 2587 428 2664 adamatisque
453 2585 542 2645 novis
566 2586 683 2663 priores
706 2585 897 2661 neglegebat.
941 2585 1079 2645 Multum
1100 2586 1216 2663 ubique

211 2692 371 2766 librorum,
396 2691 530 2750 multum
560 2696 743 2764 statuarum,
765 2691 898 2749 multum
927 2690 1108 2766 imaginum,
1138 2710 1215 2768 quas

211 2816 277 2857 non
302 2796 437 2857 habebat
465 2796 557 2854 modo
585 2814 693 2854 verum
721 2796 817 2855 etiam
847 2796 1063 2870 venerabatur,
1094 2795 1215 2870 Vergili

212 2908 286 2962 ante
307 2920 422 2976 omnes,
445 2901 533 2960 cuius
554 2901 691 2960 natalem
716 2901 892 2977 religiosius
914 2920 1007 2978 quam
1030 2921 1119 2962 suum
1142 2901 1217 2960 cele-

212 3007 332 3081 brabat,
347 3004 481 3083 Neapoli
502 3005 646 3080 maxime,
663 3005 716 3065 ubi
736 3006 962 3064 monimentum
984 3006 1050 3066 eius
1073 3005 1159 3065 adire
1181 3012 1216 3065 ut
1236 3012 1265 3058 ab

176 3126 192 3171 9
211 3111 366 3190 templum
388 3110 515 3171 solebat.
558 3111 599 3168 In
615 3110 674 3169 hac
693 3110 924 3187 tranquillitate
939 3129 1055 3170 annum
1070 3111 1215 3187 quintum

212 3224 245 3278 et
266 3216 531 3294 septuagesimum
545 3215 689 3289 excessit,
705 3215 839 3274 delicato
853 3215 952 3290 magis
974 3234 1101 3292 corpore
1122 3235 1216 3292 quam

212 3322 354 3397 infirmo;
382 3327 479 3398 utque
504 3321 694 3381 novissimus
719 3339 738 3379 a
758 3321 884 3379 Nerone
904 3320 1007 3380 factus
1028 3326 1076 3380 est
1098 3321 1215 3394 consul,

213 3429 260 3488 ita
286 3433 461 3505 postremus
484 3444 522 3484 ex
547 3426 690 3485 omnibus
716 3444 793 3502 quos
821 3426 907 3484 Nero
931 3425 1073 3484 consules
1099 3426 1217 3485 fecerat

161 3549 192 3596 10
213 3532 356 3593 decessit.
399 3531 485 3589 Illud
510 3531 604 3589 etiam
628 3530 774 3604 notabile,
801 3530 931 3590 ultimus
960 3549 999 3588 ex
1026 3529 1217 3590 Neronianis
1236 3539 1265 3584 aa

212 3635 429 3698 consularibus
453 3635 532 3694 obiit
556 3654 617 3712 quo
640 3635 766 3695 consule
791 3635 875 3693 Nero
901 3634 1002 3711 periit.
1053 3635 1143 3704 Quod
1167 3654 1216 3694 me

162 3756 191 3803 11
212 3742 429 3802 recordantem
443 3740 627 3815 fragilitatis
646 3739 802 3799 humanae
821 3739 981 3798 miseratio
1000 3738 1092 3798 subit.
1136 3740 1217 3810 Quid
