2782 4164
164 290 206 357 38
592 300 622 353 o.
642 301 743 354 ruuu

162 473 232 550 erit,
257 493 297 533 ne
322 472 501 552 praecipere
522 472 676 532 rideatur.
719 473 859 535 Peractis
888 479 1010 552 septem
1037 475 1166 536 milibus
1186 491 1199 541 t

163 597 311 658 passuum
339 578 453 637 iterum
481 577 623 637 ambulat
649 576 746 653 mille,
772 577 886 638 iterum
914 578 1026 640 residit
1054 580 1104 640 vel
1133 600 1166 641 se

163 682 305 743 cubiculo
319 701 354 742 ac
369 681 443 742 stilo
457 681 570 742 reddit.
606 681 721 741 Scribit
735 682 829 757 enim,
844 683 1018 761 etquidem
1031 690 1166 763 utraque

162 787 279 864 lingua,
300 786 401 866 lyrica
422 786 619 847 doctissima:
648 786 729 846 mira
748 787 814 848 illis
836 787 975 864 dulcedo,
998 789 1079 849 mira
1099 808 1167 851 sua·

127 892 253 967 oritas,
282 892 362 952 mira
388 891 544 967 hilaritas,
573 891 662 952 ouius
690 891 824 966 gratiam
850 892 991 953 cumulat
1012 895 1164 956 sanctitas

162 997 337 1057 scribentis.
380 996 446 1058 Ubi
470 996 548 1055 hora
574 996 691 1056 balinei
719 997 864 1057 nuntiata
891 1003 940 1058 est
969 997 1032 1078 (est
1059 1004 1199 1064 auteurs

161 1101 264 1161 hieme
284 1120 376 1175 nona,
394 1106 513 1162 aestate
535 1103 670 1182 octava),
685 1085 719 1159 in
740 1101 814 1180 sole,
830 1101 857 1162 si
878 1108 964 1162 caret
983 1109 1088 1179 vento,
1103 1122 1165 1163 am·

161 1205 250 1268 bulat
270 1207 381 1267 nudus.
423 1205 546 1265 Deinde
567 1212 710 1265 movetur
730 1205 797 1283 pila
817 1206 1018 1267 vehementer
1039 1213 1072 1267 et
1092 1207 1162 1268 diu:

161 1330 233 1372 nam
248 1311 306 1371 hoc
321 1329 444 1389 quoque
458 1309 692 1370 exercitationis
713 1329 825 1387 genere
842 1317 962 1390 pugnat
976 1331 1047 1372 cum
1062 1331 1165 1372 senec-

112 1431 142 1478 ιο
161 1421 237 1476 tute.
279 1417 378 1476 Lotus
397 1415 526 1475 accubat
540 1420 573 1474 et
586 1415 746 1493 paulisper
765 1415 869 1475 cibum
890 1416 1014 1477 differt:
1036 1417 1163 1477 interim

161 1520 251 1581 audit
270 1520 426 1597 legentem
446 1519 608 1580 remissius
632 1519 755 1597 aliquid
781 1526 813 1580 et
841 1520 973 1583 dulcius.
1015 1523 1077 1582 Per
1104 1523 1163 1583 hoo

161 1644 251 1686 omne
278 1631 403 1703 tempus
431 1624 564 1684 liberum
585 1629 634 1685 est
655 1624 765 1684 amicis
786 1625 836 1685 vel
858 1625 967 1686 cadem
987 1627 1091 1686 facere
1111 1627 1163 1686 vel

161 1731 232 1806 alia,
248 1731 275 1791 si
290 1730 409 1790 malint.
453 1729 632 1808 Adponitur
646 1748 723 1789 cena
736 1749 799 1789 non
821 1731 925 1791 minus
945 1731 1048 1792 nitida
1069 1751 1163 1810 quam
1182 1743 1198 1790 9

160 1835 246 1912 frugi
259 1835 294 1894 in
307 1840 436 1910 argento
446 1853 524 1912 puro
539 1840 571 1894 et
584 1834 729 1912 antiquo:
746 1841 820 1895 sunt
831 1836 865 1894 iu
875 1855 935 1897 usu
945 1842 978 1896 et
989 1837 1162 1914 Corinthia,

112 1958 141 2004 ro
160 1940 274 2019 quibus
302 1939 477 1999 delectatur
503 1957 561 1998 neo
589 1938 743 1999 adficitur.
792 1941 987 2018 Frequenter
1007 1942 1163 2003 comoedis

160 2064 237 2105 cena
263 2043 478 2120 distinguitur,
502 2049 539 2104 ut
562 2043 741 2121 voluptates
766 2063 889 2123 quoque
918 2045 1033 2106 studiis
1060 2046 1164 2107 condi-

160 2156 261 2210 antur.
305 2149 408 2210 Sumit
429 2149 550 2226 aliquid
571 2149 608 2209 de
629 2155 720 2208 nocte
741 2155 774 2209 et
794 2155 929 2210 aestate:
959 2151 1079 2210 nemini
1103 2152 1163 2212 hoc

160 2255 288 2336 longum
316 2260 380 2330 est3
409 2260 499 2314 tanta
525 2254 673 2313 comitate
693 2254 873 2313 convivium
894 2256 1040 2316 trahitur.
1083 2257 1212 2316 Incero

160 2361 210 2420 illi
237 2365 308 2437 post
335 2359 503 2437 septimum
531 2365 564 2419 et
591 2359 856 2436 septuagesimum
887 2378 1005 2419 annum
1039 2361 1163 2421 aurium

111 2479 142 2525 20
160 2471 319 2529 oculorum
345 2471 436 2547 vigor
462 2472 592 2549 integer,
615 2473 688 2531 inde
717 2472 798 2548 agile
826 2479 858 2532 et
881 2472 1022 2532 vividum
1050 2490 1162 2549 corpus

161 2574 287 2653 solaque
303 2594 342 2634 ex
356 2582 514 2636 senectute
529 2577 705 2654 prudentia.
747 2577 841 2637 Hanc
860 2596 917 2652 ego
931 2577 1029 2636 vitam
1043 2582 1117 2636 voto
1131 2582 1163 2636 et
1183 2588 1211 2634 11

160 2680 348 2755 cogitatione
363 2700 535 2759 praesumo,
551 2681 748 2757 ingressurus
770 2682 960 2756 avidissime,
975 2688 1012 2741 ut
1026 2681 1162 2760 primum

160 2784 241 2845 ratio
265 2785 378 2846 aetatis
400 2785 539 2863 receptui
560 2805 670 2845 canere
691 2787 877 2864 permiserit.
920 2786 1054 2846 Interim
1075 2785 1162 2845 mille

160 2888 319 2950 laboribus
330 2896 480 2965 conteror,
493 2910 624 2969 quorum
639 2891 718 2949 mihi
733 2896 765 2950 et
779 2892 929 2951 solacium
941 2899 973 2951 et
983 2891 1160 2968 exemplum

111 3007 141 3052 25
160 3000 209 3054 est
231 2995 314 3054 idern
336 2994 511 3072 Spurinna:
541 3015 612 3055 nam
641 2996 696 3055 ille
718 3015 850 3073 quoque,
873 2996 975 3074 quoad
996 2996 1162 3056 honestum

160 3099 233 3174 fuit,
256 3099 336 3159 obiit
363 3099 472 3174 officia,
500 3101 597 3176 gessit
624 3100 837 3176 magistratus,
865 3101 1043 3179 provincias
1070 3100 1162 3174 rexit,

160 3204 321 3282 multoque
336 3203 440 3264 labore
455 3205 513 3264 hoc
529 3205 627 3265 otium
641 3205 764 3264 meruit.
808 3205 912 3282 Igitur
929 3207 1061 3265 ermdem
1083 3203 1162 3263 mihi
1184 3210 1212 3255 12

161 3328 294 3383 cursum,
310 3308 443 3368 eundem
458 3310 626 3369 terminum
648 3316 761 3385 statuo,
776 3308 871 3388 idque
893 3310 954 3370 iam
976 3329 1059 3369 nunc
1080 3309 1164 3387 apud

161 3419 193 3473 te
215 3414 370 3489 subsigno,
385 3420 431 3488 ut,
447 3414 473 3474 si
495 3434 544 3474 me
566 3414 689 3490 longius
711 3415 801 3474 evehi
816 3415 943 3489 videris,
959 3415 992 3473 in
1007 3415 1056 3474 ius
1071 3432 1163 3473 voces

112 3533 141 3579 30
161 3519 201 3578 ad
215 3519 296 3578 hano
313 3519 482 3597 epistulam
504 3540 604 3580 meam
626 3527 660 3580 et
680 3519 840 3598 quiescere
862 3519 978 3594 iubeas,
993 3538 1064 3578 cum
1085 3519 1164 3577 iner-

160 3623 224 3683 tiae
238 3623 356 3683 crimen
370 3623 516 3699 effugero.
560 3624 646 3686 Vale.
