2782 4164
501 317 763 370 nrmrmaavn
786 318 822 370 11.
844 317 883 370 14.
1152 303 1194 370 27

190 494 243 548 tur
257 507 276 548 a
289 506 339 548 me
350 487 520 567 plurimum
531 508 588 548 neo
600 495 705 549 tamen
716 489 861 549 vincitur.
903 489 1058 567 Equidem
1070 487 1193 548 iuvenis

190 593 299 653 statim
313 593 420 653 iuveni
434 599 587 671 quantum
602 594 690 672 potui
705 613 760 672 per
775 601 908 655 aetatem
927 593 1108 654 avidissime
1124 612 1194 653 con-

189 696 250 757 tuli
274 704 307 758 ot
328 717 429 776 nuper
453 699 493 758 ab
517 699 638 777 optimo
662 699 803 777 principe
828 699 924 758 trium
949 698 1118 758 liberorum
1142 697 1192 759 ius

189 803 365 880 impetravi.
408 804 497 874 Quod
513 822 703 881 quamquam
718 822 810 882 parce
824 810 856 863 et
870 823 938 864 curn
955 802 1079 863 delectu
1093 803 1191 878 daret,

153 917 169 962 e
189 907 268 966 mihi
285 913 400 983 tamen,
414 913 576 987 tamquam
595 909 733 985 eligeret,
749 908 890 969 indulsit.
934 909 1022 967 Haeo
1042 908 1193 968 beneficia
1211 916 1226 962 o

189 1031 258 1073 mea
278 1013 361 1072 tueri
381 1013 469 1073 nullo
489 1014 581 1073 modo
602 1014 713 1075 melius
736 1032 829 1091 quam
850 1019 886 1073 ut
907 1031 1035 1089 augeam
1054 1032 1190 1091 possum,
1276 1074 1280 1083 ,

189 1117 373 1195 praesertim
387 1137 458 1178 cum
472 1118 540 1196 ipse
554 1119 688 1179 illatam
710 1125 796 1195 grate
815 1118 1038 1196 interpretetur
1058 1124 1101 1193 ut,
1116 1119 1191 1177 dum

139 1230 170 1276 10
189 1223 294 1300 priora
307 1223 430 1302 accipit,
447 1224 619 1302 posteriora
637 1231 801 1284 mereatur.
845 1224 952 1283 Habes
970 1222 1082 1300 qualis,
1098 1242 1191 1300 quam

188 1328 337 1404 probatus
357 1347 508 1406 carusque
528 1329 571 1389 sit
590 1329 689 1402 nobis,
704 1348 798 1407 quem
817 1347 891 1405 rogo
909 1347 966 1406 pro
986 1327 1119 1403 ingenie,
1135 1346 1191 1405 pro

189 1432 315 1492 fortuna
328 1439 385 1494 tua
399 1451 537 1495 exornes.
580 1435 620 1493 In
630 1434 740 1512 primis
753 1453 823 1494 ama
833 1433 1007 1493 hominem:
1030 1452 1100 1492 nam
1116 1432 1192 1492 licet
1212 1442 1236 1489 ll

188 1537 309 1598 tribuas
330 1538 360 1598 ei
381 1544 533 1616 quantum
554 1539 785 1616 amplissimum
799 1544 898 1616 potes,
913 1538 993 1596 nihil
1011 1544 1116 1597 tamen
1130 1557 1192 1597 am-

188 1642 272 1720 plius
283 1648 373 1721 potes
384 1643 524 1704 amicitia
533 1650 602 1719 tua3
625 1644 714 1703 cuius
726 1662 793 1704 esse
804 1662 874 1702 eum
885 1661 984 1720 usque
995 1643 1036 1702 ad
1046 1642 1190 1702 intimam

189 1747 437 1808 familiaritatem
466 1767 612 1827 capacem
641 1767 702 1826 quo
723 1749 822 1824 magis
844 1749 948 1821 scires,
970 1747 1107 1807 breviter
1131 1749 1191 1807 tibi

138 1860 166 1905 11
189 1852 302 1928 studia,
317 1872 428 1929 moros,
444 1873 567 1913 omnem
587 1853 720 1930 denique
740 1854 836 1912 vitam
854 1853 921 1913 eius
941 1847 1088 1930 expressi.
1132 1853 1192 1910 Ex·

189 1958 349 2017 tenderem
371 1977 486 2036 preces,
502 1959 565 2019 nisi
580 1965 611 2018 et
625 1965 660 2018 tu
675 1959 777 2033 rogari
797 1958 852 2016 diu
870 1957 978 2032 nolles,
994 1963 1026 2016 et
1047 1976 1103 2031 ego
1124 1963 1192 2016 tota
1212 1968 1240 2014 15

188 2061 246 2121 hoc
257 2062 394 2140 epistula
404 2062 565 2124 fecissem:
585 2069 674 2138 rogat
685 2063 778 2138 enim,
788 2069 821 2122 et
831 2062 958 2139 quidem
970 2061 1190 2137 efficacissimo,

189 2165 244 2244 qui
258 2167 362 2227 reddit
376 2186 485 2229 causas
500 2167 637 2244 rogandi.
680 2168 767 2229 Vale.

588 2371 640 2432 aa
670 2370 786 2450 (mv.)

435 2528 465 2579 C.
490 2528 633 2578 PLINIUS
656 2528 808 2578 MAXIMO
832 2528 900 2578 SUO
923 2528 950 2579 S.

460 2663 631 2726 Depeneracp
643 2663 675 2723 os
688 2663 758 2724 lecal
771 2664 917 2724 cloquence.

154 2804 168 2851 1
229 2794 346 2854 Verum
374 2793 528 2871 opinaris:
561 2794 732 2869 distringor
766 2792 1045 2853 centumviralibus
1079 2793 1190 2869 causis

189 2916 269 2976 quae
293 2917 342 2958 me
367 2904 513 2958 exercent
541 2898 640 2974 magis
668 2917 761 2975 quam
788 2899 953 2957 delectant.
1004 2897 1084 2957 Sunt
1108 2899 1190 2957 enim

189 3003 355 3081 pleraeque
370 3022 485 3081 parvae
506 3009 538 3063 et
559 3004 673 3063 exiles:
700 3022 769 3062 raro
791 3002 903 3062 incidit
922 3002 972 3061 vel
989 3021 1191 3080 personarum
1212 3019 1241 3065 20

154 3114 169 3159 2
189 3107 333 3168 claritate
348 3111 398 3167 vel
414 3108 531 3185 negotii
546 3107 761 3183 magnitudine
776 3107 918 3182 insignis.
961 3107 1014 3167 Ad
1028 3109 1086 3167 hoc
1100 3107 1192 3185 pauci

189 3231 260 3271 cum
284 3214 397 3290 quibus
425 3214 512 3272 iuvet
539 3213 657 3273 dicere:
691 3212 787 3271 ceteri
815 3212 947 3271 audaces
976 3218 1069 3289 atque
1097 3213 1192 3272 etiam

189 3336 302 3392 magna
325 3337 364 3377 cx
389 3325 478 3395 parte
502 3317 730 3377 adulescentuli
752 3316 874 3376 obscuri
895 3317 935 3376 ad
957 3316 1192 3376 declamandum
1305 3348 1312 3383 t

190 3421 250 3481 huo
265 3421 466 3495 transierunt,
482 3428 545 3481 tam
566 3421 779 3480 inreverenter
796 3427 827 3479 et
844 3426 960 3479 temere
981 3427 1016 3480 ut
1033 3420 1111 3480 mihi
1127 3421 1193 3480 Ati-

190 3526 251 3586 lius
266 3533 372 3586 noster
391 3545 536 3604 expresse
557 3526 674 3585 dixisse
685 3526 828 3585 videatur
846 3526 891 3584 sic
908 3525 941 3583 in
956 3525 1024 3584 foro
1044 3544 1155 3603 pueros
1175 3544 1194 3584 a
1212 3541 1240 3586 25

190 3631 469 3691 centumviralibus
480 3632 581 3690 causis
593 3630 748 3707 auspicari
763 3636 799 3689 ut
813 3630 852 3688 ab
867 3631 1004 3688 Homero
1019 3630 1052 3687 in
1067 3630 1191 3689 scholis.

155 3747 171 3792 a
190 3735 273 3795 Nam
294 3736 347 3795 hic
368 3753 491 3812 quoque
510 3741 546 3794 ut
566 3735 631 3793 illic
651 3735 787 3811 primum
802 3734 904 3811 coepit
919 3752 985 3794 esse
1001 3735 1084 3811 quod
1099 3734 1195 3793 maxi-
