2782 4164
519 326 780 377 urrsruurauu
803 325 853 375 1n.
875 324 914 376 ie.
1167 311 1210 375 49

205 497 299 572 farno,
314 496 392 558 haec
405 497 495 558 nulla
508 498 696 558 circumfert.
740 497 830 557 Unde
845 496 1004 572 colligitur
1018 496 1102 574 quod
1116 494 1210 555 initio

206 601 281 678 dixi,
297 601 361 662 alia
374 620 442 666 esse
456 602 588 664 clariora
601 603 665 663 alia
678 601 803 663 maiora.
846 601 932 662 Vale.

587 833 641 895 se.
670 831 823 927 (xrrrr.)

314 966 317 970 ’
382 989 412 1041 c.
439 991 583 1042 ruimus
607 991 718 1042 cumo
741 990 885 1041 savaro
908 991 977 1041 suo
1000 990 1026 1043 s.

204 1134 296 1186 About
311 1136 354 1186 llic
372 1136 529 1198 Panegyris,
550 1137 606 1187 aad
625 1136 683 1186 tow
702 1136 809 1197 Pliny's
826 1136 934 1198 friends
951 1136 1064 1185 listened
1080 1141 1107 1185 to
1125 1137 1147 1185 u
1158 1137 1209 1199 for

621 1227 692 1276 three
709 1227 782 1288 days.

166 1354 181 1400 1
245 1338 388 1401 Officium
402 1339 584 1401 consulatus
606 1340 745 1400 iniunxit
766 1340 845 1399 mihi
866 1346 903 1400 ut
924 1339 970 1399 rei
991 1339 1134 1418 publicae
1156 1358 1207 1398 no

203 1445 287 1505 mine
301 1445 438 1523 principi
453 1446 571 1522 gratias
586 1464 717 1521 agerem.
762 1445 850 1515 Quod
871 1464 928 1521 ego
950 1445 982 1503 in
1005 1450 1115 1505 senatu
1136 1463 1206 1504 cum

203 1550 244 1610 ad
256 1551 411 1610 rationem
430 1555 463 1610 et
483 1550 545 1610 loci
565 1557 598 1610 et
617 1551 769 1627 temporis
790 1568 829 1609 ex
851 1569 935 1609 more
956 1550 1110 1625 iecissem,
1125 1550 1206 1609 bono
1224 1567 1239 1612 s

202 1655 266 1715 civi
289 1655 620 1715 convenientissimum
640 1655 758 1714 credidi
778 1655 886 1714 eadem
907 1655 964 1714 illa
984 1653 1152 1732 spatiosius
1174 1661 1206 1715 et

164 1760 329 1820 auberius
349 1760 510 1820 volumine
531 1760 695 1838 amplecti;
717 1760 862 1837 primum,
878 1765 914 1819 ut
935 1759 1117 1837 imperatori
1138 1778 1206 1819 nos

202 1871 251 1924 tro
267 1865 400 1925 virtutes
415 1883 489 1925 suae
505 1865 587 1924 veris
601 1865 747 1924 laudibus
767 1865 1065 1939 commendarentur,
1081 1864 1203 1939 deinde,

201 1974 239 2029 ut
253 1970 354 2029 futuri
368 1969 527 2047 principes
541 1988 604 2029 non
619 1970 709 2047 quasi
731 1988 750 2029 a
770 1970 928 2044 magistro,
945 1970 1000 2029 sed
1021 1975 1126 2030 tamen
1147 1970 1205 2029 sub

202 2074 346 2151 exemplo
366 2080 643 2151 praemonerentur
657 2094 719 2151 qua
737 2075 936 2151 potissimum
950 2075 1003 2134 via
1017 2080 1145 2152 possent
1166 2074 1205 2132 ad
1226 2087 1253 2133 1o

165 2189 182 2234 3
202 2179 334 2238 eandem
348 2178 478 2253 gloriam
493 2178 563 2237 niti.
603 2180 686 2238 Nam
700 2180 878 2256 praecipere
893 2178 996 2256 qualis
1011 2197 1078 2238 esse
1093 2178 1205 2238 debeat

202 2283 348 2365 princeps
363 2283 530 2360 pulchrum
544 2284 680 2360 quidem,
693 2284 748 2343 sed
762 2302 926 2344 onerosum
940 2302 975 2343 ac
990 2301 1086 2361 prope
1101 2302 1206 2360 super-

201 2387 277 2448 bum
303 2393 360 2462 est,
382 2387 518 2468 laudare·
531 2407 605 2448 vero
633 2389 787 2465 optimum
814 2389 986 2466 principem
1013 2408 1048 2448 ac
1070 2407 1129 2465 per
1146 2389 1205 2447 hoo

202 2492 336 2569 posteris
351 2493 439 2552 velut
453 2511 470 2551 e
486 2493 612 2570 specula
627 2493 734 2552 lumen
748 2493 831 2570 quod
849 2499 1019 2570 sequantur
1041 2493 1204 2552 ostendere

166 2612 183 2656 4
202 2597 286 2656 idem
299 2597 451 2657 utilitatis
466 2597 570 2672 habet,
583 2598 785 2672 adrogantiae
799 2598 888 2657 nihil.
932 2599 1009 2676 Cepi
1024 2605 1128 2659 autem
1142 2617 1205 2657 non
1225 2611 1253 2657 15

202 2701 389 2761 mediocrem
409 2702 603 2779 voluptatem
632 2703 724 2780 quod,
747 2703 830 2762 hunc
855 2703 971 2762 librum
998 2722 1067 2763 cum
1097 2703 1205 2762 amicis

203 2806 334 2866 recitare
355 2807 533 2881 voluissem,
555 2827 617 2866 non
642 2827 698 2884 per
719 2807 889 2883 codicillos,
911 2827 973 2867 non
995 2827 1050 2885 per
1071 2807 1204 2882 libellos,

204 2912 259 2971 sed
281 2911 326 2970 ‘si
340 2912 552 2972 commodum'
567 2918 599 2972 et
614 2913 659 2972 ‘si
675 2913 766 2972 valde
781 2914 923 2972 vacaret'
939 2913 1091 2972 admoniti
1106 2911 1206 2990 (num-

203 3035 299 3093 quam
318 3035 409 3094 porro
430 3022 485 3076 aut
501 3017 594 3076 valde
617 3023 707 3077 vacat
728 3018 846 3076 Romae
868 3023 924 3077 aut
943 3017 1137 3076 commodum
1158 3022 1206 3076 est

203 3120 313 3180 audire
341 3121 549 3201 recitantem),
579 3122 770 3181 foedissimis
799 3122 927 3199 insuper
955 3121 1204 3199 tempestatibus,
1225 3136 1253 3182 ao

202 3243 259 3302 per
280 3225 410 3284 biduum
433 3232 653 3301 convenerunt,
676 3244 807 3303 cumque
835 3225 989 3286 modestia
1016 3244 1085 3285 mea
1111 3225 1205 3284 finem

202 3329 383 3389 recitationi
410 3331 513 3390 facere
535 3330 696 3404 voluisset,
721 3337 757 3388 ut
785 3331 938 3389 adicerem
964 3330 1095 3389 tertium
1122 3330 1206 3389 diem

167 3450 182 3496 o
203 3439 383 3510 exegerunt.
426 3435 509 3493 Mihi
522 3435 605 3494 hunc
619 3435 769 3494 honorem
789 3435 934 3494 habiturn
954 3441 1061 3511 putem
1083 3453 1123 3494 an
1145 3440 1207 3494 stu-

167 3555 182 3600 6
204 3540 292 3599 diis?
316 3538 430 3599 studiis
444 3540 534 3614 male,
551 3559 629 3617 quae
651 3559 746 3617 prope
766 3540 907 3600 extincta
928 3541 1117 3600 refoventur.
1161 3538 1206 3598 At

203 3644 255 3704 cui
262 3643 411 3703 materiae
421 3643 503 3703 hano
513 3644 713 3704 sedulitatem
724 3645 973 3722 praestiterunt?
989 3663 1100 3721 nempe
1112 3663 1207 3721 quam
1225 3663 1254 3708 25

204 3749 238 3809 in
254 3755 365 3809 senatu
379 3767 510 3826 quoque,
525 3749 580 3808 ubi
594 3748 717 3827 perpeti
731 3767 857 3809 necesse
871 3755 947 3825 erat,
963 3748 1086 3824 gravari
1100 3754 1206 3807 tamen
