2782 4164
211 265 230 330 6
641 275 671 328 c.
692 277 792 326 nunu

209 447 331 526 aliquid
351 447 586 525 enotabamque,
601 451 646 524 ut,
662 447 690 509 si
707 466 819 508 manus
836 466 959 524 vacuas,
977 447 1088 527 plenas
1107 454 1214 509 tamen

209 570 295 614 ceras
310 558 509 630 reportarem.
550 553 625 612 Non
639 558 688 613 est
702 553 786 631 quod
799 558 980 613 contemnas
995 553 1054 612 hoo
1064 553 1214 613 studendi
1234 561 1249 606 2

209 676 315 734 genus.
357 657 473 717 Mirum
489 663 538 718 est
555 662 592 717 ut
608 658 732 719 animus
751 657 923 735 agitatione
941 663 1091 736 motuque
1110 676 1214 735 corpo

208 762 252 823 ris
266 762 428 823 excitetur.
472 763 541 823 Iam
562 763 701 840 undique
723 763 822 824 silvae
840 768 873 823 et
891 763 1027 824 solitudo
1047 763 1213 842 ipsumque

172 881 187 926 o
207 867 287 927 illud
308 867 469 927 silentium
489 868 572 946 quod
591 867 751 928 venationi
769 868 863 928 datur
880 887 995 944 magna
1013 868 1213 944 cogitationis

207 972 411 1032 incitamenta
425 977 507 1033 sunt.
551 972 688 1046 Prufflrde
701 991 772 1033 cum
786 973 949 1048 venabere,
964 972 1073 1033 licebit
1087 979 1212 1066 auctore
1232 981 1247 1026 ³

207 1095 257 1136 me
271 1082 307 1137 ut
321 1076 486 1155 panarium
501 1083 533 1138 et
547 1077 746 1154 lagunculam
762 1077 806 1139 sic
821 1078 915 1139 etiam
931 1078 1102 1156 pugillares
1117 1079 1210 1140 feras.

206 1182 388 1260 Experieris
402 1201 465 1242 non
478 1181 615 1243 Dianam
632 1181 733 1260 magis
749 1182 909 1244 montibus
923 1201 1018 1262 quam
1035 1182 1212 1243 Minervam

206 1285 351 1347 inerrare
393 1287 481 1347 Vale.

635 1419 665 1480 a
695 1417 781 1499 (ix.)

349 1573 379 1625 C.
399 1573 546 1625 PLINIUS
568 1526 924 1627 MINUTIO‘FUNDANO
947 1574 1015 1626 SUO
1039 1574 1065 1627 S.

210 1717 336 1770 Contrast
365 1719 477 1770 between
505 1719 615 1782 etta-lise
644 1719 699 1768 aad
727 1719 916 1785 country-tam
945 1719 1011 1782 turp
1033 1720 1149 1771 idteaers
1170 1734 1208 1770 vs.

565 1809 733 1859 industriosis
744 1810 850 1859 latrare.

157 1937 215 1984 10·
246 1916 365 1977 Mirum
390 1922 439 1979 est
467 1936 562 1995 quam
590 1916 723 1992 singulis
752 1916 862 1978 diebus
890 1916 925 1976 in
952 1917 1028 1978 urbe
1052 1918 1134 1978 ratio
1157 1925 1245 1979 auti

206 2028 328 2082 constet
352 2028 407 2083 aut
431 2028 573 2082 constare
597 2021 752 2096 videatur,
777 2021 920 2099 pluribus
945 2021 1123 2101 iunctisque
1147 2043 1210 2082 non
1313 2074 1316 2081 .

205 2130 335 2188 constet.
377 2127 461 2187 Nam
478 2126 506 2187 si
527 2145 621 2205 quem
642 2127 814 2214 interroges
830 2126 941 2198 ‘hodie
963 2127 1040 2204 quid
1061 2128 1209 2204 egisti?’,
1230 2138 1245 2182 2

206 2232 393 2315 respondeat
418 2229 535 2291 ‘officio
559 2237 650 2307 togae
673 2231 777 2292 virilis
802 2231 943 2308 interfui,
970 2232 1129 2309 sponsalia
1156 2240 1211 2293 aut

206 2336 333 2414 nuptias
349 2335 559 2415 frequentavi,
577 2335 632 2395 1116
649 2355 698 2396 me
715 2335 756 2395 ad
773 2335 961 2411 signandum
977 2342 1209 2412 testamentum,

157 2459 185 2504 15
204 2441 260 2501 ille
283 2440 317 2500 in
341 2441 586 2516 advocationem,
610 2440 666 2501 ille
690 2441 724 2500 in
748 2441 913 2501 consilium
936 2442 1078 2518 rogavit!
1121 2443 1245 2502 Haece

206 2546 340 2624 quodie
362 2546 475 2607 feceris
498 2545 684 2621 necessaria,
706 2546 823 2621 eadem,
849 2546 876 2606 si
901 2546 1016 2606 cotidie
1040 2547 1153 2608 fecisse
1177 2553 1209 2606 te

205 2657 340 2729 reputes,
365 2651 473 2711 inania
499 2651 656 2727 videntur,
682 2651 782 2711 multo
809 2651 909 2727 magis
937 2670 1007 2711 cum
1035 2652 1207 2713 secesseris.

204 2756 293 2816 Tunc
321 2756 405 2817 enim
432 2756 517 2816 subit
543 2756 717 2817 recordatio
745 2761 839 2835 ‘quot
866 2756 933 2818 dies
961 2775 1056 2835 quam
1082 2757 1208 2843 frigidis

205 2861 297 2921 rebus
319 2861 513 2940 absumpsil'
555 2861 645 2932 Quod
666 2861 772 2921 evenit
792 2860 880 2936 mihi,
898 2867 1065 2940 postquam
1081 2862 1114 2921 in
1131 2863 1209 2921 Lau·
1228 2874 1243 2918 4

156 2984 186 3030 20
205 2966 330 3026 rentino
343 2985 412 3027 meo
426 2966 565 3043 antiago
582 2965 704 3045 aliquid
721 2973 776 3026 aut
793 2965 896 3026 scribo
910 2972 964 3026 aut
978 2967 1073 3031 etiam
1087 2967 1208 3044 corpori

205 3089 291 3147 vaco,
306 3071 395 3133 cuius
409 3035 677 3153 fult-Eridanimus
693 3070 874 3132 sustinetur.
916 3071 1009 3131 Nihil
1021 3072 1114 3131 audio
1125 3071 1209 3148 quod
1229 3084 1244 3128 o

46 3158 57 3221 Ϊ
82 3159 125 3249 ³„
205 3177 340 3251 audisse,
361 3176 443 3236 nihil
464 3176 535 3237 dieo
555 3177 640 3255 quod
663 3176 782 3236 dixisse
807 3176 982 3255 paeniteat:
1011 3195 1101 3236 nemo
1126 3177 1210 3254 apud

205 3300 254 3341 me
271 3300 459 3361 quemquam
475 3281 613 3342 sinistris
633 3281 827 3342 sermonibus
843 3280 953 3360 carpit,
965 3281 1124 3363 neminem
1141 3281 1209 3359 ipse

205 3386 407 3464 reprehendo,
422 3386 486 3447 nisi
501 3392 606 3447 tamen
624 3406 682 3462 me,
698 3406 768 3447 eum
787 3405 898 3464 parum
917 3386 1075 3446 commode
1090 3386 1208 3464 scrib03

156 3510 186 3556 ao
205 3492 295 3551 nulla
319 3511 382 3570 spe,
406 3492 493 3552 nullo
520 3492 631 3552 timore
657 3491 818 3566 sollicitor,
844 3490 942 3550 nullis
966 3491 1141 3551 rumoribus
1166 3491 1210 3551 in-

206 3597 345 3675 quietor:
367 3616 488 3657 mecum
509 3603 633 3657 tantum
655 3603 687 3656 et
707 3615 778 3656 cum
798 3595 917 3656 libellis
939 3595 1057 3674 loquor.
1101 3595 1127 3656 0
1148 3615 1211 3657 ree·
1230 3610 1244 3655 6

205 3706 272 3762 tam
292 3701 506 3780 sinceramque
524 3702 633 3777 vitam,
655 3721 673 3761 o
694 3700 785 3761 dulce
807 3699 907 3760 otium
926 3699 1154 3780 honestumque
1175 3719 1211 3762 ac
