2782 4164
644 306 676 358 0.
694 305 795 357 PLINI

607 547 659 608 15.
688 544 826 626 (xxm.)

376 704 407 757 0.
432 705 577 756 PLINIUS
600 705 748 756 CATILIO
771 703 915 755 SEVERO
939 702 1008 755 SUO
1031 702 1058 754 S.

414 849 470 903 Tae
475 853 608 916 fortitude
620 852 653 915 os
660 851 752 902 Aristo
764 853 794 902 ia
805 853 910 902 serious
922 852 1023 900 illaesa.

258 997 323 1056 Diu
336 997 399 1058 iam
420 996 454 1056 in
474 996 551 1057 urbe
564 997 686 1072 haereo,
701 1002 733 1056 et
750 995 877 1074 quidem
891 995 1052 1055 attonitus.
1095 995 1254 1060 Perus-1

218 1102 273 1163 bat
293 1121 342 1162 me
363 1102 458 1178 longa
478 1108 510 1162 et
533 1102 677 1180 pertinax
699 1100 847 1161 valetudo
862 1100 928 1160 Titi
942 1100 1110 1176 Aristonis,
1126 1119 1219 1177 quem

219 1207 421 1284 singulariter
434 1213 466 1267 et
480 1207 576 1266 miror
591 1214 622 1267 et
641 1206 747 1282 diligo.
789 1205 882 1266 Nihil
904 1211 952 1265 est
972 1204 1056 1264 enim
1077 1204 1134 1264 illc
1155 1223 1220 1281 gra

218 1313 297 1389 vius,
310 1313 458 1388 sanctius,
470 1313 601 1388 doctius,
613 1318 649 1372 ut
663 1311 741 1370 mihi
756 1330 819 1371 non
829 1329 910 1370 unus
921 1309 1013 1369 homo
1025 1310 1080 1370 sed
1094 1310 1219 1370 litterae

182 1432 197 1478 o
217 1418 304 1496 ipsae
319 1436 487 1496 omnesque
501 1419 600 1478 bonae
614 1423 696 1478 artes
712 1417 746 1476 in
759 1435 821 1475 uno
832 1414 958 1475 homine
973 1434 1128 1474 summum
1142 1415 1221 1494 peri-

217 1524 323 1583 culum
334 1523 420 1583 adire
431 1523 606 1583 videantur.
649 1523 748 1593 Quam
759 1521 880 1599 peritus
894 1520 949 1579 ille
963 1525 995 1579 et
1009 1520 1127 1598 privati
1141 1520 1219 1581 iuris
1238 1537 1254 1582 a

217 1635 250 1689 et
270 1628 403 1706 publicir
425 1634 577 1706 quantum
592 1647 704 1704 rerum,
719 1635 870 1707 quantum
888 1629 1110 1707 exemplorum,
1125 1647 1220 1706 quan·

216 1740 285 1794 tum
313 1733 513 1810 antiquitatis
539 1735 641 1793 tenet!
681 1733 774 1794 Nihil
801 1740 850 1794 est
877 1734 961 1812 quod
985 1734 1104 1794 discere
1128 1733 1217 1809 velis,

218 1839 301 1917 quod
315 1838 370 1898 ille
388 1839 497 1897 docere
514 1857 577 1898 non
593 1838 707 1916 possit:
730 1838 809 1897 mihi
830 1844 922 1914 certe,
938 1839 1082 1918 quotiens
1097 1838 1218 1916 aliquid

169 1959 197 2005 10
217 1943 360 2004 abditum
375 1961 498 2021 quaero,
511 1943 565 2003 ille
580 1944 746 2004 thesaurus
761 1949 818 2004 est.
861 1944 930 2004 Iam
945 1949 1063 2022 quanta
1073 1942 1219 2003 sermoni·
1237 1959 1253 2006 3

216 2048 274 2110 bus
289 2048 356 2108 eius
376 2048 464 2123 fides,
479 2054 598 2125 quanta
610 2028 797 2125 auctoritas,
812 2068 905 2127 quam
927 2068 1035 2128 pressa
1055 2054 1086 2108 et
1108 2048 1219 2108 decora

217 2153 390 2213 cunctatio!
419 2153 566 2231 quidest
587 2154 670 2230 quod
690 2172 753 2213 non
774 2155 882 2214 statim
903 2153 1004 2214 sciat?
1045 2153 1088 2212 Et
1113 2158 1218 2213 tamen

216 2259 400 2336 plerumque
425 2257 570 2334 haesitat,
593 2258 718 2319 dubitat
746 2259 928 2320 diversitate
950 2258 1116 2334 rationum,
1139 2276 1217 2334 quas

217 2363 281 2423 acri
309 2381 483 2440 magnoque
510 2362 628 2423 iudicio
655 2363 694 2423 ab
716 2363 836 2439 origine
858 2362 1021 2440 causisque
1042 2362 1152 2441 primis
1173 2381 1218 2422 re-

168 2486 196 2531 15
216 2469 306 2546 petit,
323 2467 481 2543 discernit,
497 2468 655 2545 expendit.
698 2467 750 2528 Ad
764 2469 823 2528 hoc
837 2487 931 2547 quam
946 2487 1057 2546 pareus
1071 2468 1105 2527 in
1119 2468 1216 2543 victu,
1236 2486 1252 2531 4

216 2592 311 2650 quam
325 2573 464 2633 modicus
479 2572 512 2631 in
528 2573 628 2633 cultu!
672 2573 763 2634 Soleo
779 2574 883 2652 ipsum
901 2573 1076 2634 cubiculum
1092 2572 1158 2633 eius
1173 2572 1218 2651 ip

216 2697 348 2756 sumque
362 2677 478 2737 lectum
493 2684 528 2738 ut
546 2678 714 2754 imaginem
736 2679 893 2756 quandam
914 2677 1035 2756 priseae
1055 2677 1218 2754 frugalita

215 2783 259 2844 tis
281 2783 428 2860 aspicere.
471 2782 571 2844 Ornat
592 2783 669 2843 haec
694 2782 877 2859 magnitudo
899 2782 1005 2858 animi,
1030 2801 1110 2861 quae
1134 2781 1216 2841 nihil
1236 2793 1251 2837 c

215 2888 257 2950 ad
270 2887 520 2962 ostentationem,
536 2887 641 2948 omnia
654 2888 695 2948 ad
710 2887 930 2948 conscientiam
953 2887 1051 2948 refert
1071 2892 1215 2966 recteque

166 3008 196 3054 20
215 2992 294 3053 facti
307 3011 370 3051 non
385 3011 423 3052 ex
437 2992 546 3070 populi
561 3011 701 3052 sermone
715 2993 887 3052 mercedem
903 2993 1011 3053 sodex
1026 2992 1111 3052 facto
1125 2992 1214 3070 petit.

215 3098 256 3157 In
270 3116 392 3158 summa
406 3116 467 3156 non
488 3097 582 3157 facile
604 3116 792 3175 quemquam
813 3096 945 3159 existis
967 3097 1021 3176 qui
1043 3096 1215 3175 sapientiae
1234 3103 1250 3148 6

216 3202 355 3263 studium
369 3201 480 3262 habitu
494 3202 631 3280 corporis
646 3202 829 3280 praeferunt
842 3202 916 3262 huic
930 3201 998 3261 viro
1012 3200 1213 3280 comparabis.

214 3308 289 3367 Non
303 3306 429 3384 quidem
444 3306 609 3385 gymnasia
623 3312 760 3367 sectatur
777 3311 832 3366 aut
851 3307 991 3384 porticus
1007 3325 1064 3366 neo
1078 3306 1216 3384 disputa-

214 3411 353 3472 tionibus
374 3411 476 3487 longis
497 3411 629 3472 aliorum
651 3412 749 3472 otium
771 3431 923 3489 suumque
945 3412 1089 3486 delectat,
1105 3412 1160 3471 sed
1181 3412 1215 3471 in

165 3535 194 3579 25
213 3521 288 3592 toga
301 3516 496 3593 negotiisque
511 3522 662 3592 versatur,
674 3517 789 3578 multos
804 3517 1015 3592 advocatione,
1027 3517 1132 3595 plures
1146 3535 1216 3576 eon-

215 3620 285 3680 silio
300 3620 395 3680 iuvat.
438 3621 568 3680 Nemini
582 3628 687 3681 tamen
701 3621 833 3683 istorum
848 3622 1001 3696 castitate,
1014 3621 1139 3699 pietate,
1155 3622 1216 3682 ius·
1234 3634 1248 3681 7

213 3724 294 3798 titia,
318 3725 506 3786 fortitudine
528 3726 623 3787 etiam
644 3726 746 3807 primo
767 3727 834 3786 loco
855 3726 992 3788 cesserit.
1043 3726 1213 3799 Mirareris
