2782 4164
224 300 265 366 86
649 313 680 365 c.
703 313 804 364 rnnu

222 483 310 544 exitu
336 484 404 546 eius
432 486 511 546 scire
531 485 669 547 voluisti.
712 487 824 546 Finem
851 506 924 564 ergo
950 487 1073 548 faciam.
1117 489 1226 550 Unum
1244 500 1273 544 aa

222 589 356 650 adiciam
380 591 486 650 omnia
509 611 558 651 me
580 591 694 668 quibus
715 592 921 652 interfueram
942 610 1083 670 quaeque
1105 593 1224 668 statim,

222 712 292 754 cum
319 695 454 755 maxime
479 714 553 756 vera
580 702 800 772 memorantur,
829 697 989 757 audieram
1017 703 1223 775 persecutum.

221 801 269 859 Tu
284 800 450 878 potissima
463 819 618 879 excerpas.
660 802 760 861 Aliud
780 807 829 862 est
849 802 933 862 enim
947 802 1116 880 epistulam
1137 803 1225 893 aliud

187 915 202 960 5
222 904 396 981 historiam,
411 905 498 965 aliud
512 906 613 966 amico
627 906 714 966 aliud
729 907 873 968 omnibus
887 907 1031 968 scribere.
1074 906 1161 968 Vale.

630 1119 682 1180 71.
712 1115 812 1198 (xx.)

473 1271 503 1322 C.
526 1270 671 1321 PLINIUS
694 1269 829 1321 TACITO
853 1269 921 1322 SUO
945 1271 972 1322 S.

281 1412 445 1474 aaronem
457 1413 490 1475 os
502 1412 586 1474 Pliny
598 1413 654 1463 aad
664 1413 707 1461 tis
718 1412 822 1464 mother
832 1413 933 1476 duriam
945 1413 988 1464 abc
1000 1415 1123 1476 eruption
1135 1415 1168 1477 os

246 1506 249 1516 '
579 1553 582 1559 ,
657 1503 793 1554 Vesuvius.

259 1641 319 1702 Ais
340 1648 372 1702 te
392 1642 561 1702 adductum
583 1641 700 1702 litteris
721 1661 799 1719 quas
823 1642 962 1718 exigenti
983 1643 1042 1702 tibi
1065 1643 1104 1703 de
1124 1650 1223 1704 morte
1243 1657 1257 1702 1

220 1747 367 1806 avunculi
381 1747 443 1806 mei
458 1746 569 1824 scripsi
589 1765 702 1824 cupere
724 1765 907 1822 cognoscere
929 1766 1007 1825 quos
1027 1766 1085 1825 ego
1106 1749 1224 1809 Miseni

220 1852 349 1912 relictus
366 1850 412 1930 (id
427 1851 511 1910 enirn
526 1852 684 1926 ingressus
706 1851 904 1933 abruperam)
920 1871 984 1911 non
1004 1852 1104 1912 solum
1120 1859 1224 1913 metus

219 1976 328 2017 verum
345 1957 441 2017 etiam
454 1974 544 2016 casus
568 1955 758 2033 pertulerim.
787 1958 993 2034 ‘Quamquam
1017 1957 1141 2017 animus
1163 1976 1224 2017 me

172 2074 201 2120 10
219 2063 349 2122 minisse
377 2061 492 2136 horret,
515 2061 688 2138 incipiam'
716 2061 863 2121 Proiecto
885 2062 1040 2121 arimculo
1063 2061 1131 2140 ipse
1154 2061 1257 2125 reli-a

219 2186 316 2244 quum
338 2172 462 2244 tempus
484 2165 598 2225 studiis
622 2165 707 2244 (ideo
726 2165 811 2224 enim
833 2168 1057 2247 remanseram)
1072 2166 1220 2244 inpendi:

219 2290 291 2331 mox
305 2271 474 2345 balineum,
489 2288 574 2344 cena,
590 2289 717 2330 somnus
739 2270 899 2347 inquietus
922 2276 954 2330 et
975 2271 1088 2332 brevis.
1130 2272 1223 2331 Prae·
1242 2288 1257 2334 3

218 2382 355 2436 cesserat
383 2393 438 2452 per
465 2374 581 2434 multos
609 2374 676 2434 dies
703 2379 820 2433 tremor
847 2380 948 2435 terrae
984 2374 1089 2436 minus
1116 2375 1223 2435 formi-

219 2481 345 2541 dolosus
374 2479 449 2556 quia
476 2478 664 2556 Campaniae
693 2479 812 2540 solitus.
869 2478 932 2539 Illa
952 2498 1027 2539 vero
1057 2485 1148 2540 noete
1175 2480 1223 2540 ita

171 2596 199 2640 15
218 2585 354 2645 invaluit
370 2589 407 2643 ut
427 2602 490 2641 non
504 2583 622 2642 moveri
637 2583 741 2643 omnia
755 2584 809 2643 sed
823 2583 904 2643 verti
918 2584 1126 2644 crederentur.
1170 2585 1221 2644 In-
1241 2600 1256 2645 4

217 2690 337 2767 rumpit
360 2688 537 2748 cubiculum
561 2707 665 2747 meum
686 2693 800 2748 mater:
830 2690 1003 2764 surgebam,
1026 2689 1171 2764 invicem,
1192 2689 1221 2750 si

217 2796 401 2873 quiesceret,
417 2792 617 2852 excitaturus.
661 2793 842 2852 Residimus
863 2793 898 2851 in
919 2812 992 2854 area
1005 2795 1125 2869 domus,
1140 2812 1220 2872 quae

217 2917 302 2958 mare
317 2917 336 2958 a
350 2897 443 2958 tectis
458 2897 579 2956 modico
602 2897 705 2973 spatio
726 2897 895 2957 dividebat.
938 2898 1057 2958 Dubito
1078 2910 1255 2959 constan-5

216 3005 293 3064 tiam
309 3020 419 3062 vocare
434 3020 474 3061 an
488 3001 721 3078 inprudentiam
737 3002 883 3078 debeam;
905 3004 1035 3078 agebam
1048 3003 1133 3062 enim
1148 3003 1221 3062 duo

167 3121 198 3167 ao
216 3108 440 3169 devicesimum
464 3125 598 3165 annum:
627 3124 721 3183 posco
747 3106 863 3166 librum
888 3107 953 3166 Titi
976 3108 1048 3166 Livi
1073 3114 1105 3167 et
1128 3106 1220 3185 quasi

216 3233 272 3292 per
285 3213 385 3271 otium
399 3212 469 3287 lego
484 3217 578 3287 atque
593 3210 698 3284 etiam,
710 3217 747 3269 ut
760 3229 930 3288 coeperam,
943 3230 1083 3289 excerpo.
1126 3214 1217 3286 Ecce,

215 3319 333 3378 amicus
353 3314 510 3389 avunculi,
525 3316 580 3392 qui
594 3335 695 3393 nuper
708 3315 749 3375 ad
767 3334 836 3375 eum
851 3335 891 3374 err
904 3317 1063 3393 Hispania
1080 3323 1219 3389 venerat,

214 3429 251 3483 ut
265 3440 314 3481 me
329 3429 361 3481 et
375 3428 506 3481 matrem
522 3421 677 3493 sedentes,
692 3439 741 3478 me
755 3439 829 3479 vero
843 3421 937 3480 etiam
954 3421 1111 3496 legentem
1121 3421 1219 3496 ridet,

214 3528 301 3587 illius
316 3527 512 3604 patientiam,
529 3524 729 3585 securitatem
745 3543 847 3584 meam
864 3526 1010 3603 corripit:
1032 3526 1133 3584 nihilo
1154 3545 1220 3602 seg-

164 3648 193 3693 ao
213 3633 285 3692 nius
308 3650 365 3706 ego
387 3632 529 3691 intentus
551 3630 585 3689 in
607 3630 731 3688 librum.
774 3630 843 3689 Iam
868 3630 945 3689 hora
967 3630 1030 3689 diei
1053 3630 1163 3708 prima,
1187 3638 1254 3694 eto

213 3738 315 3798 adhuc
344 3736 458 3795 dubius
480 3741 512 3795 et
534 3734 625 3813 quasi
647 3733 815 3810 languidus
840 3735 915 3794 dies.
968 3736 1038 3795 Iam
1061 3736 1219 3813 quassatis
