2782 4164
510 308 772 362 musrnnsruu
792 311 839 362 1v.
860 312 899 363 rr.
1163 296 1205 362 63

175 508 182 519 ·
199 479 292 552 Quod
313 480 462 541 admones
483 479 601 557 gratias
622 500 688 558 ago,
711 482 795 559 quod
819 500 909 559 rogas
930 500 1050 559 queror.
1091 481 1207 540 Admo

199 585 271 646 neri
291 584 376 645 enirn
397 585 503 660 debeo,
525 590 562 645 ut
583 586 687 661 sciam,
710 587 812 662 rogari
833 605 894 645 non
916 587 1013 646 debeo
1034 591 1070 646 ut
1089 585 1205 646 faciam

164 689 287 768 aquod
310 690 389 750 mihi
410 709 474 750 non
497 691 601 751 facere
626 691 843 769 turpissimum
868 695 923 751 est.
967 692 1019 749 An
1043 709 1099 767 ego
1123 691 1205 749 tueri

200 794 319 857 Corelli
345 794 444 856 filiam
475 795 642 856 dubitem?
684 796 744 856 Est
774 796 900 873 quidem
932 795 1011 855 mihi
1042 814 1113 854 cum
1144 796 1205 856 isto

200 906 312 961 contra
328 919 421 978 quem
437 919 487 960 me
502 902 636 962 advocas
655 920 718 960 non
736 901 829 979 plane
842 901 1011 961 familiaris
1026 901 1082 961 sed
1100 907 1204 960 tamen
1225 912 1240 957 o

165 1005 351 1066 aamicitia.
393 1005 527 1065 Accedit
547 1005 609 1066 huc
630 1006 768 1081 dignitas
791 1006 926 1065 hominis
948 1013 1042 1082 atque
1064 1005 1116 1065 hic
1138 1005 1205 1082 ipse

201 1111 254 1171 cni
269 1110 445 1171 destinatus
459 1117 508 1171 est
526 1111 639 1187 honor3
662 1111 751 1171 cuius
766 1111 856 1171 nobis
872 1110 930 1170 hoc
948 1111 1046 1170 maior
1063 1110 1207 1171 habenda

202 1215 380 1276 reverentia
393 1220 442 1276 est
459 1216 543 1292 quod
561 1216 625 1275 iam
639 1215 694 1274 illo
709 1216 812 1275 functi
831 1235 947 1276 sumus.
989 1214 1143 1275 Naturale
1158 1219 1207 1274 cst

203 1321 287 1380 enim
302 1324 392 1380 ntea
408 1339 489 1398 quae
506 1321 576 1398 quis
593 1321 726 1398 adeptus
743 1326 791 1380 est
810 1321 877 1398 ipse
898 1338 992 1397 quam
1013 1320 1207 1397 amplissima

167 1425 379 1486 rexistimari
409 1425 495 1484 velit.
548 1425 609 1485 Sed
643 1425 721 1484 mihi
755 1425 907 1501 cogitanti
941 1425 1124 1485 adfutruum
1159 1443 1207 1483 me
1228 1439 1256 1485 10
1347 1482 1349 1487 .

205 1529 321 1592 Corelli
352 1529 436 1590 filiae
468 1530 573 1589 omnia
606 1530 670 1589 ista
699 1530 818 1606 frigida
848 1536 880 1589 et
913 1530 1021 1589 inania
1049 1530 1205 1589 videntur.

205 1636 398 1696 Obversatur
425 1616 523 1695 oculis
551 1635 606 1694 ille
631 1635 688 1709 vir,
714 1654 776 1712 quo
804 1636 957 1693 neminem
988 1640 1074 1694 aetas
1102 1640 1209 1694 nostra

206 1739 381 1818 graviorem
403 1740 591 1800 sanctiorem
613 1740 809 1800 subtiliorem
830 1739 921 1813 tulit3
947 1759 1039 1816 quem
1061 1758 1117 1816 ego
1138 1758 1209 1798 cum

206 1863 246 1905 ex
267 1844 473 1905 admiratione
495 1844 625 1921 diligere
647 1844 827 1921 coepissem,
850 1845 934 1920 quod
955 1844 1079 1902 evenire
1101 1851 1210 1902 contra

207 1949 297 2031 solet,
318 1949 418 2026 magis
439 1949 610 2009 admiratus
636 1969 713 2023 sum,
735 1954 902 2026 postquam
927 1950 1052 2026 penitus
1075 1948 1207 2025 inspexi.
1230 1967 1258 2013 15

168 2055 337 2133 olnspexi
364 2054 447 2113 enim
475 2054 617 2132 penitus:
646 2054 728 2113 nihil
757 2072 775 2112 a
802 2073 850 2112 me
878 2054 932 2112 ille
961 2059 1121 2127 secretum,
1147 2072 1208 2112 non

169 2159 353 2234 cioculare,
378 2178 440 2218 non
469 2158 593 2233 serium,
622 2178 684 2218 non
712 2159 812 2233 triste,
837 2178 900 2217 non
928 2158 1053 2218 laetum.
1096 2159 1210 2217 Adule-

208 2264 368 2325 scentulus
390 2283 482 2339 eram,
500 2269 531 2323 et
552 2263 614 2323 iam
636 2263 714 2322 mihi
736 2264 774 2322 ab
796 2263 851 2321 illo
873 2263 972 2322 honor
992 2269 1086 2339 atque
1106 2263 1209 2337 etiam,

208 2357 329 2431 audebo
357 2369 468 2443 dicere,
498 2369 673 2429 reverentia
701 2374 737 2427 ut
764 2369 888 2445 aequali
915 2368 1096 2427 habebatur.
1150 2367 1210 2426 llle

207 2494 296 2535 meus
327 2474 362 2534 in
394 2473 539 2552 petendis
570 2473 739 2533 honoribus
765 2473 952 2548 suffragator
977 2478 1009 2531 et
1033 2473 1134 2545 testis,
1157 2472 1210 2531 ille
1231 2489 1260 2535 ru

208 2579 244 2640 in
266 2578 451 2640 incohandis
476 2578 627 2638 deductor
649 2583 680 2636 et
704 2597 816 2652 comes,
839 2578 893 2636 ille
918 2578 951 2635 in
976 2577 1120 2652 gerendis
1144 2596 1212 2636 con-

210 2684 332 2745 siliator
350 2689 383 2742 et
400 2688 510 2757 rector,
526 2682 580 2741 ille
597 2682 732 2759 denique
749 2683 783 2741 in
800 2682 943 2742 omnibus
958 2682 1066 2742 officiis
1086 2682 1211 2756 nostris,

210 2808 399 2866 quamquam
421 2793 453 2847 et
473 2786 638 2847 inbecillus
660 2793 692 2846 et
713 2787 824 2862 senior,
841 2787 930 2864 quasi
948 2787 1071 2847 iuvenis
1091 2793 1122 2846 et
1138 2787 1214 2847 vali·

174 2903 190 2950 ἰ
211 2894 269 2954 dus
290 2892 547 2972 conspiciebatur.
591 2894 747 2964 Quantum
768 2892 822 2950 ille
840 2893 942 2951 famae
963 2910 1050 2950 meae
1071 2892 1164 2965 domi,
1179 2891 1212 2950 in

175 3011 192 3057 8
210 2999 345 3076 publice,
357 3004 510 3076 quantum
525 2997 619 3056 etiam
634 2999 718 3074 apud
732 2997 905 3074 principem
921 2996 1095 3055 adstruxit!
1131 2996 1213 3054 Nam
1233 3015 1262 3060 25

211 3122 282 3163 cum
296 3104 379 3163 forte
396 3104 435 3163 de
450 3102 541 3162 bonis
555 3101 721 3162 iuvenibus
736 3102 817 3179 apud
838 3102 976 3160 Nervam
994 3101 1214 3177 imperatorem

212 3228 312 3270 sermo
328 3209 493 3269 incidisset
511 3214 542 3267 et
558 3207 699 3285 plerique
719 3227 767 3266 me
787 3207 932 3266 laudibus
954 3207 1082 3280 ferrent,
1100 3206 1215 3282 paulis·

211 3332 268 3392 per
287 3333 320 3374 se
338 3314 423 3373 intra
441 3312 603 3373 silentium
620 3312 731 3387 tenuit,
752 3312 834 3388 quod
854 3311 902 3369 illi
921 3311 1092 3388 plurimum
1113 3317 1215 3370 aucto

212 3418 317 3479 ritatis
343 3418 493 3494 addebat;
519 3417 633 3476 deinde
658 3417 811 3492 gravitate
836 3434 929 3492 quam
954 3434 1045 3475 noras
1071 3420 1214 3475 ‘necesse

213 3525 278 3585 est'
299 3523 403 3601 inquit
425 3521 566 3600 ‘parcius
591 3522 714 3581 laudem
741 3521 926 3594 Secundum,
948 3520 1023 3597 quia
1047 3520 1128 3579 nihil
1152 3520 1262 3587 nisiae

177 3642 193 3689 9
213 3648 253 3689 ex
272 3628 403 3689 consilio
424 3646 493 3686 meo
514 3626 611 3687 facit!
653 3627 720 3696 Qua
737 3645 810 3685 voce
832 3625 944 3684 tribuit
964 3625 1043 3683 mihi
1062 3630 1214 3702 quantum

212 3740 320 3814 petere
334 3740 407 3794 voto
426 3732 615 3794 inmodicum
636 3737 711 3808 erat,
726 3729 807 3790 nihil
825 3749 875 3789 me
895 3730 997 3792 facere
1016 3749 1079 3789 non
1096 3730 1216 3810 sapien-
