2782 4164
505 856 647 922 LIBER
679 857 914 924 OCTAVUS.

633 1075 687 1138 ss.
715 1073 789 1156 (11.)

447 1233 477 1285 C.
503 1234 646 1286 PLINIUS
669 1234 841 1287 CALVISIO
864 1235 932 1287 SUO
955 1236 981 1288 S.

212 1379 282 1431 How
294 1380 376 1442 Pliny
387 1381 484 1431 abored
495 1381 537 1432 the
550 1383 605 1432 loca
615 1383 679 1432 with
691 1382 734 1433 ebe
747 1383 841 1444 tauers
852 1384 885 1447 os
897 1383 941 1434 bia
951 1385 1074 1447 viscones
1084 1384 1160 1436 when
1171 1384 1215 1436 tte

632 1474 795 1537 cropsoiled.
1314 1468 1318 1476 ’

251 1617 321 1677 Alii
346 1617 381 1676 in
407 1616 537 1695 praedia
564 1636 621 1678 sua
654 1617 903 1696 proficiscuntur,
931 1625 968 1680 ut
994 1618 1214 1698 locupletiores
1235 1637 1248 1682 1

193 1728 418 1798 'revertantur,
443 1742 509 1800 ego,
531 1729 568 1783 ut
589 1724 763 1801 pauperior.
806 1725 1019 1786 Vendideram
1039 1725 1215 1786 vindemias

154 1904 157 1911 Ι
213 1829 357 1888 certatim
380 1827 626 1903 negotiatoribus
650 1829 833 1889 ementibus.
884 1830 1047 1891 Invitabat
1069 1829 1214 1908 pretium,

212 1939 246 1993 et
272 1933 357 2011 quod
383 1938 459 1992 tunc
486 1938 519 1993 et
546 1933 630 2011 quod
657 1933 725 1993 fore
749 1933 923 1995 videbatur.
980 1934 1058 2013 Spes
1085 1934 1251 2001 fefellitn

177 2048 193 2094 o
211 2038 290 2098 Erat
312 2037 493 2116 expeditum
518 2038 661 2097 omnibus
686 2038 846 2098 remittere
868 2039 1052 2117 acqualiter,
1075 2040 1216 2100 sednon

213 2143 291 2203 satis
312 2144 438 2202 aecum
478 2141 560 2201 Mihi
581 2147 686 2202 autem
706 2142 865 2218 egregium
888 2143 921 2202 in
946 2144 1057 2221 primis
1080 2143 1215 2220 videtur,

212 2253 249 2308 ut
262 2247 340 2307 foris
355 2247 401 2307 ita
415 2247 507 2322 domi,
524 2252 561 2306 ut
577 2247 611 2306 in
626 2248 748 2323 magnis
764 2248 810 2307 ita
825 2247 858 2307 in
875 2248 990 2326 parvis,
1005 2249 1089 2308 utin
1103 2249 1216 2310 alienis

213 2353 259 2413 ita
281 2353 316 2411 in
340 2353 415 2427 suis,
440 2351 559 2428 agitare
586 2352 749 2412 iustitiam.
805 2352 889 2413 Nam
914 2353 942 2413 si
966 2354 1055 2432 paria
1078 2360 1215 2432 peccata,

213 2476 304 2536 pares
329 2457 425 2518 etiam
449 2457 566 2517 laudes.
616 2457 729 2534 Itaque
754 2457 897 2518 omnibus
922 2458 1058 2535 quidem,
1080 2478 1120 2518 ne
1145 2459 1216 2537 quis
1236 2480 1252 2526 3

163 2575 193 2622 10
213 2562 292 2622 mihi
306 2581 369 2622 non
384 2563 517 2623 donatus
532 2561 641 2637 abiret,
657 2567 778 2640 partem
793 2570 935 2623 octavam
949 2564 1043 2641 pretii
1064 2583 1125 2642 quo
1144 2563 1216 2642 quis

213 2672 332 2728 emerat
359 2667 514 2727 concessi:
547 2666 660 2726 deinde
688 2666 812 2744 eisqui
840 2668 1051 2745 amplissimas
1080 2687 1216 2728 summas

213 2772 424 2851 emptionibus
446 2776 672 2849 occupaverant
695 2771 865 2849 separatim
886 2773 1037 2832 consului.
1079 2773 1164 2833 Nam
1185 2778 1217 2832 et

212 2896 263 2938 me
290 2876 389 2953 magis
417 2877 563 2936 iuverant
591 2881 622 2936 et
650 2877 751 2937 maius
786 2876 848 2955 ipsi
882 2877 1024 2938 fecerant
1059 2877 1215 2937 damnum.

214 2982 317 3059 Igitur
338 2982 384 3041 eis
406 2981 461 3058 qui
486 2981 586 3058 pluris
611 3000 705 3058 qnam
730 2982 836 3040 decern
860 2981 987 3042 milibus
1012 2988 1153 3042 emerant
1177 2982 1251 3053 ad4

164 3098 193 3144 15
213 3087 302 3146 illam
335 3104 528 3146 communem
556 3092 587 3144 et
614 3085 704 3163 quasi
739 3086 896 3162 publicam
931 3093 1073 3146 octavam
1108 3085 1217 3146 addidi

214 3192 368 3253 decimam
403 3189 470 3250 eius
498 3209 635 3249 summae
663 3210 725 3267 qua
753 3190 859 3250 decern
888 3190 977 3250 milia
1009 3196 1215 3251 excesserant.

212 3298 330 3357 Vereor
350 3313 390 3354 ne
411 3314 522 3372 parum
542 3294 766 3371 expresserim3
796 3295 934 3373 apertius
956 3296 1092 3356 calculos
1117 3302 1251 3365 osten-5

214 3401 295 3460 darn.
353 3399 386 3460 Si
410 3399 466 3477 qui
490 3399 572 3458 forte
598 3398 775 3475 quindecim
801 3398 928 3458 milibus
953 3405 1100 3476 emerant,
1125 3400 1160 3459 hi
1184 3406 1217 3460 ct

214 3504 393 3583 quindecim
411 3503 534 3563 milium
551 3509 694 3563 octavam
712 3509 744 3563 et
764 3504 902 3581 quinque
921 3503 1045 3563 milium
1065 3505 1216 3565 decimam

100 3674 102 3679 ,
164 3621 194 3666 20
213 3610 363 3670 tulerunt.
405 3610 580 3682 Praeterea,
598 3627 669 3668 curn
688 3614 865 3686 reputarem
884 3610 1035 3686 quosdam
1054 3628 1092 3668 ex
1110 3610 1251 3670 debitos

214 3715 419 3792 aliquantum,
438 3714 590 3792 quosdam
608 3713 739 3791 aliquid,
756 3714 907 3791 quosdam
926 3713 1008 3773 nihil
1030 3714 1215 3792 reposuisse,
