2782 4164
514 341 776 393 irremissum
798 341 833 392 n
852 340 893 392 or.
1137 328 1200 395 127

196 514 339 589 contagio
368 516 538 590 pervagata
564 519 631 588 est;
667 530 746 589 quae
774 511 900 572 videtur
927 511 1000 573 sisti
1023 517 1056 572 et
1085 511 1200 589 corrigi

148 635 176 680 10
196 636 296 697 posse.
347 618 438 679 Certe
463 617 541 677 satis
566 622 690 676 constat
713 635 810 695 prope
834 617 896 676 iem
920 616 1060 677 desolata
1079 617 1200 695 templa

196 722 335 801 coepisse
356 722 507 782 celebrari
528 726 560 781 et
582 740 669 782 saera
689 721 854 782 sollemnia
874 721 930 782 diu
951 721 1132 783 intermissa
1155 741 1200 782 re-

196 829 262 907 peti
284 832 472 907 pastumque
494 827 599 886 venire
622 827 830 902 victimarum,
846 827 935 887 ouius
956 827 1059 887 adhue
1080 827 1200 888 rarissi-

196 952 266 993 mus
295 938 416 1011 emptor
443 931 668 992 inveniebatur.
710 932 761 991 Ex
788 950 850 1009 quo
878 931 972 991 facile
1001 937 1049 992 est
1076 932 1233 1010 opinaris

197 1057 276 1116 quae
290 1038 383 1098 turba
396 1037 558 1097 hominum
572 1036 732 1097 emendari
752 1036 862 1114 possit,
878 1036 906 1097 si
924 1036 967 1097 sit
987 1036 1199 1115 paenitentiae

196 1142 291 1203 loeus.

561 1273 637 1335 110.
668 1270 831 1353 (xum.)

508 1433 696 1485 TRAIANUS
717 1432 842 1484 PLINIO
865 1432 891 1484 S.
938 1436 941 1443 '

575 1579 701 1642 Trajan’s
713 1593 823 1631 answer.

162 1740 175 1785 1
237 1725 352 1786 Actum
367 1743 459 1802 quem
474 1724 620 1800 debuisti,
635 1724 678 1782 mi
695 1724 843 1798 Secunde,
859 1723 893 1784 in
914 1723 1109 1787 excutiendis
1130 1743 1199 1787 oau-

198 1830 241 1890 sis
261 1849 368 1890 eorum
389 1830 444 1907 qui
466 1829 639 1891 Christiani
654 1829 695 1889 ad
714 1834 747 1889 te
762 1829 859 1889 delati
873 1830 1001 1889 fuerant
1015 1836 1140 1891 secutus
1154 1849 1196 1890 es.

195 1935 308 2012 Neque
323 1934 406 1993 enim
421 1934 454 1992 in
468 1934 648 1994 universum
665 1932 787 2011 aliquid
800 1933 883 2011 quod
899 1934 989 2011 quasi
1004 1940 1121 1995 certam
1138 1935 1199 1995 for·
1219 1945 1248 1991 10

161 2053 176 2097 2
196 2059 278 2100 mem
294 2039 408 2099 habeat
422 2039 572 2100 constitui
586 2043 699 2117 potest.
742 2038 954 2116 Conquirendi
975 2058 1038 2099 non
1059 2045 1147 2100 sunt:
1171 2039 1199 2101 si

197 2145 380 2204 deferantur
394 2151 426 2203 et
439 2148 620 2219 arguantur,
635 2143 786 2221 puniendi
801 2148 884 2219 sunt,
899 2144 945 2204 ita
961 2149 1068 2205 temen
1086 2151 1122 2204 ut
1143 2145 1198 2223 qui

196 2249 358 2324 negaverit
373 2267 406 2308 se
420 2248 635 2309 Christianum
650 2266 718 2309 esse
734 2241 829 2326 idque
849 2267 883 2308 re
905 2249 975 2326 ipsa
994 2249 1198 2311 manifestum

196 2353 316 2429 feeerit,
328 2352 363 2412 id
377 2359 425 2414 est
439 2353 644 2431 supplicando
658 2352 725 2414 deis
740 2353 867 2428 nostris,
877 2353 1020 2430 quemvis
1035 2359 1198 2432 suspectus

196 2458 230 2517 in
257 2458 471 2537 praeteritum,
497 2458 622 2518 veniam
646 2477 684 2518 ex
712 2457 908 2534 paenitentia
935 2459 1080 2536 inpetret.
1124 2459 1198 2520 Sine
1219 2473 1247 2519 1⁶

197 2567 322 2623 auctore
349 2581 423 2622 vero
451 2562 604 2641 propositi
632 2562 733 2623 libelli
761 2563 795 2621 in
821 2563 909 2622 nullo
937 2563 1067 2623 erimine
1095 2564 1198 2625 looum

195 2667 309 2727 habere
324 2667 445 2727 debent.
486 2668 571 2727 Nam
585 2673 617 2727 et
634 2667 763 2745 pessimi
780 2667 917 2746 exempli
937 2686 994 2728 neo
1015 2668 1115 2729 nostri
1136 2686 1200 2730 see-

196 2771 258 2831 ouli
273 2777 330 2831 eet.
