2782 4164
514 293 776 344 EPISTULARUM
799 294 852 345 111.
870 294 895 348 5.

613 537 666 601 3]-
696 536 762 619 (V·)

374 694 405 747 o.
431 695 887 748 111111111110111110
911 696 979 748 suo
1003 697 1030 750 s.

490 842 544 893 Tle
556 843 642 893 worlcs
654 844 686 906 os
693 843 736 893 lte
748 844 820 894 elder
832 844 923 907 Pliny.

166 997 180 1043 1
239 986 425 1064 Pergratum
440 991 489 1046 est
499 986 578 1045 mihi
590 987 674 1064 quod
688 993 753 1047 tam
765 986 935 1063 diligenter
949 987 1044 1049 libros
1056 989 1204 1048 avunculi

200 1091 262 1151 mei
283 1091 406 1152 lectitas
427 1097 464 1151 ut
484 1091 598 1151 habere
620 1111 726 1153 omnes
749 1091 827 1152 velis
849 1111 1044 1170 quaerasque
1062 1093 1117 1170 qui
1139 1094 1204 1154 sint

165 1201 315 1257 lomnes.
357 1196 485 1272 Fungar
506 1195 621 1256 indicis
642 1197 786 1274 partibus
808 1203 903 1274 atque
926 1198 1022 1258 etiam
1049 1216 1111 1276 quo
1139 1198 1204 1258 sint

200 1300 308 1361 ordine
330 1300 440 1378 scripti
461 1306 570 1360 notum
591 1301 652 1361 tibi
672 1301 804 1362 faciam:
827 1307 875 1362 est
889 1302 973 1362 enim
988 1302 1065 1362 haec
1080 1322 1203 1381 quoque

165 1410 181 1456 3
200 1405 350 1466 studiosis
364 1424 427 1465 non
441 1405 613 1465 iniucunda
632 1406 776 1483 cognitio.
814 1408 879 1466 ‘Dc
896 1406 1084 1466 iaculatione
1099 1426 1205 1485 eques·
1223 1423 1238 1468 s

199 1511 242 1571 tri
268 1511 385 1572 unus':
417 1511 509 1586 hunc,
543 1529 614 1570 cum
646 1512 824 1590 praefectus
852 1512 921 1572 alae
949 1512 1109 1588 militaret,
1134 1514 1203 1591 pari

199 1615 325 1691 ingenio
345 1634 481 1694 curaque
502 1616 675 1695 conposuit.
720 1618 784 1676 ‘De
804 1617 872 1676 vita
892 1617 1046 1695 Pomponi
1068 1618 1203 1678 Secundi
1277 1638 1279 1645 ’

200 1721 294 1798 duo'3
326 1739 346 1780 a
368 1740 432 1799 quo
456 1721 658 1798 singulariter
683 1727 805 1782 amatus
833 1722 891 1781 hoc
915 1722 1083 1782 memoriae
1111 1723 1204 1782 amici

165 1826 291 1904 squasi
318 1827 459 1887 debiturn
486 1846 600 1887 munus
625 1827 770 1887 exsolvit.
815 1827 991 1886 ‘Bellorum
1017 1829 1203 1889 Germaniae

199 1931 349 2009 viginti';
373 1931 487 2009 quibus
515 1932 621 1991 omnia
648 1951 727 2009 quae
755 1951 827 1991 curn
856 1932 1020 1993 Germanis
1049 1934 1202 2008 gessimus
1224 1949 1251 1995 10

199 2036 284 2097 bella
307 2037 442 2113 collegit.
485 2036 661 2111 Incohavit,
687 2056 757 2097 cum
781 2036 816 2095 in
845 2037 1015 2097 Germania
1041 2038 1202 2114 militaret,

200 2141 320 2217 somnio
342 2141 498 2202 monitus:
529 2141 654 2202 adstitit
682 2141 712 2200 ei
740 2141 914 2218 quiescenti
942 2142 1038 2202 Drusi
1066 2143 1203 2204 Neronis

199 2244 326 2323 effigies,
348 2247 403 2324 qui
425 2246 613 2308 Germaniae
635 2245 789 2306 latissime
810 2246 912 2305 victor
933 2246 978 2306 ibi
1000 2247 1103 2324 periit,
1125 2266 1204 2307 com-

199 2351 367 2411 mendabat
394 2351 573 2411 memoriam
605 2371 691 2412 suam
721 2352 891 2428 orabatque
915 2356 952 2410 ut
973 2370 1005 2411 se
1027 2351 1066 2411 ab
1087 2352 1204 2413 iniuria

163 2464 179 2511 5
200 2455 368 2517 oblivionis
393 2457 558 2517 adsereret.
612 2455 771 2516 ‘Studiosi
797 2456 881 2530 tres,'
905 2455 939 2514 in
963 2475 1018 2515 sex
1042 2457 1203 2517 volumina
1224 2471 1252 2517 1⁶

200 2566 328 2639 propter
345 2560 586 2638 amplitudinem
604 2560 709 2635 divisi,
725 2561 839 2638 quibus
858 2565 1011 2619 oratorem
1026 2562 1065 2620 ab
1079 2562 1204 2622 incuna-

199 2664 283 2725 bulis
302 2665 444 2726 instituit
461 2671 493 2726 et
514 2665 644 2743 perficit.
689 2665 802 2724 ‘Dubii
818 2665 968 2724 sermonis
984 2667 1087 2725 octo':
1111 2667 1204 2744 scrip

200 2770 244 2830 sit
271 2771 329 2831 sub
349 2771 473 2830 Nerone
498 2770 679 2830 novissimis
702 2769 802 2843 annis,
824 2788 895 2828 cum
917 2788 1007 2828 omne
1029 2771 1203 2830 studiorum

200 2894 298 2951 genus
312 2875 406 2953 paulo
420 2875 550 2936 liberius
565 2880 597 2934 et
618 2875 751 2934 erectius
773 2874 981 2951 periculosum
1004 2876 1139 2936 servitus
1160 2876 1204 2934 ie·

164 2980 303 3040 coisset.
347 2980 394 3039 ‘A
414 2980 477 3039 fine
499 2980 608 3039 Aufidi
630 2980 721 3039 Bassi
747 2979 879 3054 triginta
903 2981 1002 3039 unus)
1046 2981 1202 3040 ‘Naturae
1223 2996 1252 3041 20

200 3083 402 3145 historiarum
430 3085 563 3160 triginta
584 3084 724 3161 septem,'
746 3102 824 3161 opus
853 3083 1013 3158 diffusum,
1035 3085 1201 3159 eruditum,

165 3198 180 3244 1
200 3207 258 3248 nec
278 3189 382 3250 minus
396 3189 517 3249 varium
533 3208 626 3265 quam
649 3189 719 3266 ipsa
738 3195 859 3247 natura.
902 3187 1029 3248 Miraris
1051 3191 1135 3266 quod
1156 3195 1204 3250 tot

201 3293 361 3354 volumina
374 3294 534 3372 multaque
549 3294 583 3352 in
597 3294 646 3353 his
661 3299 727 3353 tam
738 3293 922 3370 scrupulosa
932 3293 1024 3352 horno
1035 3301 1203 3372 occupatus

201 3398 400 3458 absolverit?
422 3398 522 3474 magis
542 3398 713 3471 miraberis,
730 3397 756 3456 si
779 3396 885 3457 scieris
907 3396 998 3455 illum
1019 3397 1204 3484 aliquandiu

201 3520 311 3563 causas
326 3503 482 3578 actitasse,
495 3502 664 3562 decessisse
677 3520 758 3561 anno
774 3506 862 3560 sexto
883 3506 915 3560 et
937 3501 1202 3578 quinquagesimo,
1224 3521 1252 3566 ao

201 3607 341 3667 medium
351 3613 475 3685 tempus
487 3607 659 3667 distentum
670 3606 917 3683 impeditumque
929 3624 991 3682 qua
1002 3605 1110 3667 officiis
1121 3626 1205 3667 max-

166 3727 182 3775 0
201 3711 353 3791 imisque
366 3712 505 3773 amicitia
518 3712 696 3790 principum
714 3711 823 3787 egisse.
867 3710 928 3770 Sed
947 3716 1016 3771 erat
1034 3729 1103 3771 acre
1122 3712 1206 3789 inge
