2782 4164
505 310 767 365 nrmrumnun
791 312 854 364 v11.
870 312 913 363 si.
1165 302 1205 370 θ’(

199 500 274 545 mea
299 502 362 563 qno
388 483 465 560 loeo,
493 483 668 561 iungimur:
699 504 772 546 nam
797 484 876 545 mihi
900 484 1020 564 primus
1046 485 1102 565 qui
1128 492 1206 547 ate

199 587 372 667 proximus.
414 588 612 660 Quinetiam
632 588 667 649 in
687 590 885 651 testamentis
905 589 1000 651 debes
1021 590 1203 651 adnotasse:

200 692 267 753 nisi
292 692 364 771 quis
391 694 475 754 forte
501 693 646 755 alterutm
677 700 820 756 nostrum
852 695 1069 771 amicissimus,
1097 696 1205 756 eadem

160 797 307 875 alegate
329 804 361 860 et
384 799 513 879 quidem
540 799 659 879 pariter
685 801 864 878 accipimus.
906 800 992 871 Quae
1016 801 1120 862 omnia
1143 800 1204 862 huo

199 908 346 983 spectant
369 910 406 965 ut
429 903 564 965 invioem
591 906 753 966 ardentius
780 905 958 981 diligamus,
980 924 1050 965 oum
1071 911 1119 965 tot
1139 906 1239 967 vin-o

199 1006 282 1070 aulis
307 1027 366 1070 nos
392 1009 506 1085 studia,
528 1028 638 1085 mores,
660 1010 755 1086 fama,
777 1028 923 1088 suprema
945 1010 1081 1088 denique
1107 1010 1205 1071 homi-

198 1131 278 1174 num
291 1112 410 1176 iudicia
421 1114 645 1192 oonstringant.
686 1116 774 1176 Vale.

575 1336 629 1399 aa
657 1335 824 1417 (xxm)

459 1480 492 1532 0.
516 1481 660 1533 PLINIUS
683 1482 804 1533 SURAE
828 1482 896 1534 SUO
919 1481 945 1534 S.

572 1613 635 1667 Two
646 1616 724 1679 otest
735 1618 838 1667 storias.

165 1752 181 1800 1
241 1745 285 1807 Et
298 1745 378 1806 mihi
393 1746 535 1806 disoendi
547 1751 580 1807 et
593 1747 652 1807 tibi
667 1747 798 1807 docendi
809 1747 993 1808 facultatem
1005 1748 1103 1808 otium
1117 1766 1203 1827 prae·

199 1850 264 1912 bet.
306 1851 409 1928 Igitur
433 1870 584 1930 perquam
605 1852 701 1912 velim
726 1852 814 1928 seire,
835 1871 904 1913 esse
928 1853 1149 1932 phantasmata
1170 1859 1202 1913 et

199 1954 316 2017 habere
339 1957 497 2034 propriam
525 1956 657 2034 figuram
684 1976 861 2036 numenque
889 1958 1015 2036 aliquod
1043 1964 1134 2036 putes
1161 1977 1202 2018 an
1221 1968 1252 2016 ιο

164 2071 181 2118 2
200 2060 310 2121 inania
324 2066 357 2120 et
374 2080 456 2122 vena
472 2080 511 2121 ex
527 2068 613 2122 metu
629 2067 735 2123 nostro
756 2062 924 2138 imaginem
945 2063 1092 2140 aooipere.
1134 2063 1202 2139 Ego

199 2170 238 2226 ut
256 2183 323 2226 esse
341 2167 466 2227 credam
487 2166 649 2244 inprimis
666 2186 702 2227 eo
719 2167 815 2227 ducor
835 2168 919 2245 quod
940 2168 1031 2228 audio
1052 2168 1201 2229 acoidisse

202 2269 311 2331 Curtio
333 2271 425 2331 Rufo.
467 2273 584 2333 Tenuis
605 2272 707 2332 adhue
728 2278 760 2331 et
781 2272 928 2332 obscurus
949 2272 1104 2333 obtinenti
1118 2272 1203 2332 Afri-

201 2392 270 2435 oam
284 2393 386 2437 eomes
400 2375 560 2436 haeserat:
582 2376 733 2437 inclinato
744 2376 795 2436 die
806 2377 1000 2455 spatiabatur
1014 2378 1047 2436 in
1061 2377 1200 2456 portion:

201 2478 332 2539 offertur
346 2480 375 2540 ei
389 2480 530 2542 mulieris
544 2480 644 2558 figura
658 2481 796 2541 humana
809 2481 956 2557 grandior
966 2480 1199 2560 pulchriorque:
1221 2495 1250 2541 lo

200 2584 368 2662 perterrito
396 2585 537 2645 Africam
565 2604 607 2661 se,
635 2586 814 2646 futurorum
846 2586 1073 2663 praenuntiam,
1102 2587 1200 2663 dixit3

201 2687 319 2749 iturum
340 2690 423 2750 enim
444 2690 576 2750 Romam
593 2691 787 2769 honoresque
809 2697 970 2767 gesturum
990 2697 1085 2769 atque
1106 2691 1201 2752 etiam

201 2811 270 2853 oum
293 2814 413 2856 summo
434 2797 565 2875 imperio
586 2798 620 2857 in
639 2799 769 2858 eandem
791 2798 981 2876 provinciam
1005 2817 1201 2858 reversurum

165 2908 183 2955 3
201 2897 307 2976 ibique
328 2900 521 2961 moriturum.
564 2903 662 2963 Facta
682 2910 756 2964 sunt
776 2904 889 2964 omnia.
931 2903 1098 2963 Praeterea
1120 2921 1202 2962 aooe

201 3003 288 3064 denti
313 3004 534 3082 Carthaginem
556 3008 790 3086 egredientique
810 3027 890 3068 nave
911 3008 1019 3068 eadem
1043 3007 1144 3084 figura
1167 3006 1201 3067 in
1219 3022 1250 3067 ao

200 3107 293 3170 litore
313 3112 483 3172 ooeurrisse
503 3119 655 3173 narratur.
698 3114 772 3191 Ipse
794 3121 876 3173 certe
897 3113 1060 3191 inplicitus
1084 3112 1199 3189 morbo,

200 3213 310 3274 futura
339 3217 526 3294 praeteritis,
558 3219 690 3279 adversa
724 3218 868 3279 secundis
902 3223 1081 3297 auguratus,
1113 3237 1201 3296 spem

165 3318 313 3380 lsalutis
341 3321 428 3380 nullo
459 3341 584 3382 suorum
613 3324 798 3400 desperante
829 3322 967 3402 proiecit.
1023 3321 1093 3383 Iam
1120 3322 1201 3381 illud

200 3442 303 3484 nonne
323 3431 355 3485 et
371 3426 470 3502 magis
487 3427 628 3488 terribile
649 3434 680 3487 et
700 3414 763 3489 non
784 3428 888 3489 minus
910 3428 1024 3487 mirum
1044 3433 1101 3502 est,
1117 3427 1200 3505 quod

164 3541 180 3588 o
200 3547 354 3607 exponam
377 3536 414 3590 ut
438 3532 570 3610 aooepi?
619 3534 697 3593 Erat
720 3533 856 3594 Athenis
879 3533 1017 3611 spatiosa
1044 3538 1076 3592 et
1102 3551 1201 3610 oapax
1220 3549 1248 3594 aa

200 3633 320 3710 domus,
340 3635 395 3696 sed
419 3635 548 3699 infamis
572 3643 604 3697 et
628 3637 787 3716 pestilens.
830 3638 891 3697 Per
915 3637 1076 3698 silentium
1100 3636 1201 3697 noetis

200 3756 295 3800 sonus
311 3740 399 3816 ferri,
417 3747 449 3801 et
466 3743 493 3803 si
511 3743 688 3803 attenderes
704 3742 816 3819 aerius,
838 3742 989 3821 strepitus
1007 3741 1202 3801 vinculorum
