2782 4164
211 303 253 366 90
634 310 665 362 c.
687 310 787 360 rnnu

211 489 260 544 est
273 488 393 544 certare
407 499 537 543 mecum.
578 481 639 542 Est
655 480 731 542 haec
746 500 803 560 pro
816 479 909 541 Attia
921 479 1052 556 Viriola,
1068 484 1100 540 et
1114 479 1215 556 digni·
1233 485 1248 530 2

211 595 277 667 tate
291 606 441 666 personae
455 592 488 647 et
501 586 638 665 exempli
660 586 790 646 raritate
812 591 844 646 et
864 585 975 646 iudicii
995 584 1214 662 magnitudine

210 692 353 769 insignis.
395 693 479 752 Nam
500 691 620 752 femina
640 691 804 769 splendide
828 696 912 767 nata,
934 696 1034 768 nupta
1057 690 1214 768 praetorio

210 798 287 874 viro,
303 798 495 858 exheredata
508 797 548 858 ab
562 796 759 874 octogenario
774 801 864 874 patre
880 795 966 856 intra
983 795 1129 855 undecim
1146 795 1214 856 dies

176 917 191 963 5
210 922 305 982 quam
319 902 369 962 illi
383 920 547 963 novercam
567 920 670 962 amore
691 907 802 980 captus
823 901 999 976 induxerat,
1015 900 1215 979 quadruplici

211 1008 328 1069 iudicio
341 1008 424 1068 bona
434 1013 564 1085 paterna
575 1006 744 1085 repetebat.
788 1005 944 1067 Sedebant
954 1011 1080 1065 centum
1092 1011 1124 1065 et
1135 1011 1215 1065 octo
1233 1012 1249 1058 3

211 1113 300 1190 ginta
313 1112 450 1188 iudices,
472 1117 521 1172 tot
535 1111 618 1171 enirn
630 1117 778 1189 quattuor
789 1110 929 1172 consiliis
941 1110 1148 1188 colliguntur:
1170 1110 1215 1170 in-

210 1237 287 1295 gens
301 1217 459 1294 utrimque
474 1216 637 1276 advocatio
651 1221 684 1276 et
697 1235 862 1277 numerosa
879 1215 1037 1291 subsellia,
1052 1221 1214 1293 praeterea

211 1324 309 1384 densa
322 1321 594 1382 circumstantium
610 1340 723 1382 corona
736 1321 928 1382 latissimum
941 1320 1094 1381 iudicium
1110 1320 1214 1380 multi-

163 1445 192 1490 ιο
210 1427 287 1506 plici
301 1425 419 1487 circulo
440 1426 586 1487 ambibat.
631 1426 681 1486 Ad
701 1408 760 1486 hoc
771 1404 933 1505 'stipatum
954 1425 1103 1501 tribunal,
1119 1431 1214 1503 atque
1232 1441 1248 1486 4

211 1533 361 1593 etiamen
376 1531 534 1610 superiore
549 1531 697 1592 basilicae
718 1537 807 1609 parte
829 1550 892 1609 qua
911 1531 1048 1591 feminae
1070 1549 1132 1608 qua
1152 1530 1214 1590 viri

211 1643 244 1698 et
260 1637 418 1723 audiendi,
434 1636 517 1714 quod
538 1635 673 1711 difficile,
688 1641 720 1696 et
741 1637 825 1714 quod
844 1636 949 1711 facile,
963 1636 1088 1696 visendi
1109 1616 1215 1696 studio

210 1742 425 1803 imminebant.
468 1743 585 1818 Magna
595 1741 788 1820 exspectatio
799 1748 933 1819 patrum,
943 1760 1057 1818 magna
1067 1740 1213 1817 filiarum,

211 1867 325 1925 magna
346 1848 440 1908 etiarn
461 1865 672 1907 novercarum.
717 1847 847 1908 Secutus
870 1852 919 1907 est
943 1846 1049 1908 varius
1071 1851 1212 1907 eventus.

164 1972 192 2018 lo
211 1955 295 2014 Nam
310 1952 431 2013 duobus
445 1951 585 2012 consiliis
602 1951 743 2027 vicimuS,
756 1951 888 2011 totidem
902 1951 980 2011 victi
994 1970 1110 2011 sumus.
1152 1952 1248 2011 Not
1287 1941 1290 1945 ’

211 2058 319 2120 tabilis
333 2076 460 2135 prorsus
478 2061 510 2116 et
530 2056 611 2116 mira
631 2057 739 2116 eadem
760 2056 794 2115 in
815 2075 918 2132 causa,
933 2056 1033 2117 isdem
1047 2055 1213 2132 iudicibus,

212 2164 311 2225 isdem
326 2161 495 2236 advocatis,
512 2160 620 2220 eodem
635 2167 773 2238 tempore
790 2167 879 2221 tanta
899 2161 1067 2222 diversitas
1089 2161 1213 2237 accidit,

182 2264 187 2273 ’
211 2288 294 2343 casu,
310 2287 372 2328 non
387 2266 471 2344 quod
485 2285 575 2327 casus
595 2266 762 2326 videretur.
805 2267 899 2327 Victa
919 2273 967 2328 est
987 2285 1129 2342 noverca,
1145 2267 1216 2345 ipsa
1233 2279 1249 2325 6

211 2375 302 2434 heres
319 2392 358 2432 ex
379 2378 468 2450 parte
490 2378 587 2447 sexta,
609 2372 712 2432 victus
734 2372 914 2448 Suberinus,
929 2372 984 2451 qui
1005 2372 1214 2433 exheredatus

162 2498 193 2544 ao
211 2498 231 2539 a
244 2477 501 2564 patrousingulari
515 2476 701 2554 inpudentia
712 2477 808 2537 alieni
822 2478 921 2555 patris
933 2479 1014 2539 bona
1024 2477 1213 2553 vindicabat,

210 2603 274 2644 non
288 2602 382 2643 ausus
398 2583 447 2642 sui
461 2588 574 2659 petere.
618 2583 706 2642 Haec
721 2582 781 2642 tibi
802 2583 942 2660 exposui,
957 2582 1103 2660 primum,
1118 2588 1154 2642 ut
1175 2601 1215 2642 ex
1234 2597 1249 2644 7

211 2687 348 2767 epistula
359 2687 453 2748 scires
465 2705 544 2765 quae
555 2705 594 2745 ex
606 2688 745 2747 oratione
759 2707 823 2748 non
837 2695 978 2767 poteras:
1001 2687 1115 2747 deinde
1128 2686 1216 2766 (nam

212 2794 356 2870 detegam
371 2794 478 2872 artes),
493 2797 529 2851 ut
544 2792 714 2852 orationem
730 2792 881 2853 libentius
898 2793 1026 2870 legeres,
1043 2793 1070 2854 si
1091 2812 1154 2853 non
1174 2792 1216 2852 le·

212 2917 283 2974 gere
300 2898 360 2958 tibi
381 2897 436 2958 sed
456 2896 607 2957 interesse
628 2897 745 2957 iudicio
765 2897 933 2974 videreris3
957 2918 1060 2977 quam,
1076 2898 1119 2959 sit
1139 2896 1215 2958 licet

163 3020 192 3065 25
211 3022 334 3079 magna,
353 3021 416 3061 non
438 3001 567 3079 despero
589 3002 722 3078 gratiam
743 3002 946 3064 brevissimae
967 3003 1214 3082 impetraturam.

211 3109 295 3169 Nam
311 3113 343 3167 et
356 3106 448 3185 copia
461 3126 564 3167 rerum
579 3111 610 3166 et
625 3113 735 3183 arguta
750 3107 904 3168 divisione
919 3114 952 3168 et
970 3107 1215 3169 narratiunculis
1234 3118 1249 3164 8

212 3212 356 3291 pluribus
377 3217 409 3271 et
430 3211 596 3288 eloquendi
618 3212 771 3272 varietate
793 3219 969 3273 renovatur.
1013 3214 1094 3275 Sunt
1114 3212 1216 3273 multa

215 3317 291 3396 (non
302 3317 447 3376 auderem
459 3315 521 3376 nisi
532 3315 591 3375 tibi
603 3316 719 3397 dicere)
733 3317 824 3392 elata,
834 3317 934 3378 multa
942 3318 1105 3396 pugnacia,
1114 3317 1216 3379 multa

213 3421 350 3482 subtilia.
393 3420 570 3480 Intervenit
584 3421 667 3479 enim
682 3421 805 3482 acribus
819 3422 884 3483 illis
896 3428 928 3482 et
942 3423 1054 3484 erectis
1065 3424 1215 3502 frequens
1234 3438 1250 3484 9

164 3547 195 3592 30
213 3526 382 3587 necessitas
396 3525 588 3603 conputandi
599 3544 635 3584 ac
650 3545 748 3602 paene
767 3526 903 3588 calculos
924 3528 1127 3607 tabulamque
1148 3547 1216 3607 pos·

213 3632 312 3706 cendi,
328 3638 363 3690 ut
377 3637 505 3708 repente
520 3630 553 3688 in
568 3630 685 3706 privati
702 3631 812 3691 iudicii
833 3633 967 3692 formam
989 3633 1214 3693 centumvirale

213 3742 361 3797 vertatur.
404 3735 557 3796 Dedimus
569 3735 639 3795 vela
653 3734 872 3813 indignationi,
885 3737 1030 3798 dedimus
1045 3737 1119 3813 irae,
1132 3736 1216 3821 dedi·
1236 3757 1264 3804 ιο
