2782 4164
165 264 208 333 40
591 282 621 334 c.
642 251 743 333 rnrm

164 452 261 528 nium,
276 452 459 513 incredibile
475 455 622 530 studium,
638 473 759 515 summa
771 454 945 530 vigilantia.
988 454 1167 514 Lucubrare

164 558 391 619 Vulcanalibus
418 559 598 637 incipiebat,
620 579 683 619 non
708 559 892 638 auspicandi
913 579 1007 621 causa
1028 560 1083 619 sed
1105 566 1169 620 stu-

165 663 268 739 dendi,
284 664 393 724 statim
406 683 425 723 a
438 669 529 723 noete
543 664 651 739 multa,
667 664 769 723 hieme
782 683 857 724 vero
872 665 911 724 ab
928 664 1006 724 hora
1022 664 1166 742 septima,

165 768 216 828 vel
227 786 297 828 cum
308 769 496 845 tardissime,
509 775 627 844 octava,
641 788 734 847 saepe
746 775 843 830 sexta.
885 771 964 829 Erat
978 788 1053 830 sane
1065 770 1168 829 somni

129 882 144 928 o
164 874 366 951 paratissimi,
377 893 440 933 non
454 894 626 952 numquam
640 875 735 934 etiam
751 874 834 934 inter
848 875 918 953 ipsa
932 875 1037 935 studia
1051 875 1169 935 instan-

164 978 207 1039 tis
221 985 254 1039 et
268 979 447 1039 deserentis.
490 980 574 1039 Ante
589 980 690 1039 lucem
704 980 771 1040 ibat
782 980 822 1039 ad
832 980 1062 1058 Vespasianum
1073 981 1168 1058 impe·
1187 995 1203 1041 s

164 1088 299 1142 retorem
324 1083 411 1163 (nam
437 1084 493 1143 ille
517 1085 807 1162 quoque·uoctibus
835 1085 1005 1166 utebatur),
1030 1085 1104 1143 inde
1127 1085 1168 1144 sd

165 1188 342 1264 delegatum
357 1189 416 1248 sibi
432 1188 573 1248 officium.
616 1190 773 1250 Reversus
789 1191 923 1265 domum,
940 1191 1022 1267 quod
1037 1189 1167 1249 relicum

164 1294 323 1372 temporis,
340 1294 453 1354 studiis
468 1294 627 1354 reddebat.
670 1296 748 1355 Post
765 1296 869 1355 cibum
891 1314 993 1373 saepe,
1009 1314 1102 1372 quem
1123 1294 1168 1354 in·
1188 1305 1216 1351 ιο

116 1409 145 1455 10
164 1399 269 1458 terdiu
282 1399 384 1458 levem
402 1406 434 1459 et
455 1398 581 1459 facilem
601 1407 743 1460 veterum
764 1419 849 1460 more
870 1401 1021 1475 sumebat,
1036 1406 1166 1476 aestate,
1200 1415 1203 1419 ’

165 1503 291 1581 siquid
313 1503 379 1578 otii,
402 1503 524 1564 iacebat
547 1504 581 1562 in
604 1505 677 1579 sole,
701 1505 781 1564 liber
804 1506 974 1581 legebatur,
997 1506 1168 1565 adnotabat

165 1608 419 1687 excerpebatque.
462 1608 554 1667 Nihil
576 1609 658 1668 enim
681 1609 759 1685 legit
779 1611 864 1688 quod
884 1630 947 1670 non
968 1615 1165 1687 excerperet:

165 1714 267 1773 dicere
282 1713 377 1773 etiam
399 1713 518 1772 solebat
538 1713 660 1773 nullum
681 1733 749 1774 esse
770 1715 884 1774 librum
902 1721 973 1775 ¹tam
993 1715 1111 1775 malum
1130 1720 1168 1774 ut

164 1838 227 1878 non
241 1818 349 1896 aliqua
367 1824 456 1895 parte
477 1819 647 1895 prodesset.
690 1820 768 1880 Post
789 1820 888 1879 solem
907 1820 1091 1897 plerumque
1112 1819 1168 1878 fri·
1188 1833 1216 1878 11

116 1937 144 1982 15
164 1924 238 2000 gida
250 1923 431 1983 lavabatur:
454 1923 566 1983 deinde
576 1924 721 1998 gustabat
736 1924 970 2001 dormiebatque
984 1924 1165 1984 minimum:

164 2048 236 2087 mox
247 2028 338 2106 quasi
353 2028 414 2087 alio
425 2027 476 2087 die
488 2028 635 2088 studebat
648 2029 784 2089 incense
795 2035 927 2107 tempus.
972 2030 1072 2107 Super
1086 2029 1166 2089 hanc

164 2133 244 2193 liber
257 2133 427 2209 legebatur,
444 2133 660 2208 adnotabatur,
675 2139 707 2193 et
722 2134 848 2211 quidem
866 2134 990 2194 cursim.
1033 2134 1166 2193 Memini
1187 2147 1216 2192 12

164 2239 319 2315 quendam
339 2256 379 2296 ex
399 2237 517 2311 amicis,
533 2255 603 2296 eum
624 2237 721 2297 lector
742 2239 894 2315 quaedam
915 2257 1079 2317 perperam
1099 2258 1167 2317 pro

163 2343 349 2416 nuntiasset,
365 2360 525 2402 revocasse
547 2347 579 2401 et
600 2342 700 2419 repeti
721 2343 867 2420 coegisse,
882 2343 956 2403 huic
977 2343 1168 2403 avunculum

114 2459 144 2506 20
163 2467 267 2507 meum
280 2447 399 2506 dixisse
414 2446 632 2506 ‘intellexeras
647 2449 803 2525 nempe?’
825 2466 894 2507 cum
916 2448 971 2507 ille
993 2449 1165 2524 adnuisset,
1196 2467 1198 2471 ’

164 2558 236 2611 ‘our
250 2552 524 2636 ergo-revocabas?
548 2552 654 2611 decem
665 2552 800 2629 amplius
810 2572 920 2613 versus
934 2553 993 2612 hac
1007 2560 1063 2613 tua
1072 2553 1166 2612 inter·

162 2657 333 2734 pellatione
348 2656 562 2733 perdidimus'
604 2658 706 2717 Tanta
720 2663 788 2717 erat
802 2658 993 2735 parsimonia
1003 2659 1163 2736 temporis
1186 2673 1215 2718 13

164 2762 316 2837 Surgebat
330 2767 449 2821 aestate
464 2780 482 2820 a
496 2779 573 2821 cena
586 2761 664 2836 luce,
680 2762 782 2821 hieme
802 2762 886 2822 intra
904 2762 1037 2841 primam
1054 2763 1163 2838 noetis,

163 2872 195 2927 et
208 2873 368 2944 tamquam
382 2865 490 2942 aliqua
503 2866 571 2941 lege
590 2872 727 2941 cogente.
771 2868 859 2927 Haec
880 2867 963 2927 inter
984 2868 1102 2928 medios
1123 2869 1166 2928 la

112 2986 142 3032 25
162 2973 252 3032 bores
267 2972 414 3048 urbisque
429 2971 598 3029 fremitum.
641 2971 682 3030 In
696 2990 820 3032 secessu
834 2972 935 3032 solum
952 2972 1069 3032 balinei
1090 2978 1165 3032 tem·
1186 2983 1215 3029 14

162 3097 221 3155 pus
237 3076 351 3136 studiis
367 3075 577 3134 eximebatur:
599 3094 670 3134 cum
685 3076 755 3135 dico
770 3077 895 3152 balinei,
908 3078 947 3137 de
962 3077 1164 3138 interioribus

161 3183 289 3261 loquor3
310 3201 382 3241 nam
401 3181 474 3240 dum
496 3181 702 3257 destringitur
723 3183 927 3260 tergiturque,
943 3184 1089 3243 audiebat
1111 3183 1165 3243 ali·
1187 3234 1189 3239 .

162 3288 239 3367 quid
253 3292 307 3346 aut
321 3287 468 3345 dictabat.
511 3286 551 3344 In
566 3285 680 3344 itinere
695 3287 785 3363 quasi
803 3287 924 3347 solutus
946 3289 1058 3348 ceteris
1080 3288 1163 3348 curis
1185 3298 1213 3343 15

160 3393 235 3453 huic
249 3392 304 3450 uni
315 3391 461 3451 vacabat:
485 3390 622 3450 adlatus
638 3391 779 3452 notarius
794 3411 864 3450 curn
879 3393 959 3452 libro
981 3399 1013 3452 et
1033 3392 1165 3471 pugill'a

112 3513 141 3560 30
160 3498 256 3572 ribus,
280 3497 368 3556 cuius
393 3514 503 3555 manus
527 3494 631 3554 hieme
656 3496 787 3556 manicis
812 3497 1042 3572 muniebantur,
1064 3503 1100 3558 ut
1123 3519 1163 3559 ne

160 3602 239 3663 caeli
260 3601 386 3679 quidem
411 3601 564 3678 asperitas
586 3600 687 3659 ullum
715 3601 829 3661 studiis
856 3607 981 3679 tempus
1009 3603 1162 3680 eriperet;

159 3726 223 3786 qua
249 3725 288 3766 ex
316 3723 409 3766 causa
436 3706 554 3764 Romae
575 3723 699 3783 quoque
721 3705 799 3765 sella
819 3706 999 3766 vehebatur.
1042 3708 1164 3785 Repeto
1185 3720 1213 3767 rs
