2782 4164
510 298 771 351 nrrsrunsnum
794 298 815 349 ι
835 297 876 349 aa
1156 286 1196 352 17

197 472 225 534 si
238 473 414 549 interesses,
429 492 493 552 qua
505 472 660 551 patientia
673 471 754 531 hanc
771 471 872 549 ipsam
890 470 1101 531 valetudinem
1123 471 1198 531 tole

196 583 252 654 ret,
267 584 304 638 ut
324 578 425 637 dolori
446 578 582 653 resistat,
603 584 639 637 ut
660 577 747 636 sitim
769 576 905 652 differat,
926 582 962 636 ut
982 576 1198 636 incredibilem

160 700 176 746 8
197 682 332 743 febrium
353 683 496 743 ardorem
521 683 658 742 inmotus
681 687 868 758 opertusque
890 680 1092 740 transmittat.
1132 681 1198 740 Nu·

196 807 252 868 per
265 807 315 848 me
329 807 505 866 paucosque
520 806 639 846 mecum
657 805 735 864 quos
752 787 886 845 maxime
908 785 1012 861 diligit
1033 785 1198 845 advocavit

197 893 380 972 rogavitque
400 899 437 953 ut
457 893 594 952 medicos
613 892 844 951 consuleremus
858 891 897 950 de
911 910 1033 951 summa
1047 891 1198 952 valetudi·
1217 910 1232 955 o

196 1001 256 1076 nis,
271 1006 316 1075 ut,
332 1000 360 1060 si
380 1006 464 1060 esset
482 998 713 1077 insuperabilis,
729 1003 840 1076 sponte
855 997 955 1057 exiret
969 1016 985 1056 e
1000 997 1075 1073 vita,
1091 999 1118 1058 si
1132 1004 1198 1058 tan·

161 1112 264 1170 etum
292 1100 429 1165 difficilis
456 1110 489 1164 et
515 1104 617 1180 longa,
639 1103 800 1164 resisteret
823 1108 1037 1180 maneretque:
1060 1103 1196 1163 dandum

197 1215 281 1274 enim
308 1215 452 1293 precibus
479 1215 595 1291 uxoris,
617 1216 755 1275 dandum
782 1214 866 1274 filiae
890 1214 1037 1289 lacrimis,
1060 1214 1197 1275 dandum

197 1319 293 1379 etiam
307 1319 397 1380 nobis
418 1320 527 1381 amicis
548 1339 587 1380 ne
609 1337 680 1398 spes
701 1325 833 1394 nostras,
849 1318 876 1380 si
897 1318 989 1378 modo
1009 1337 1073 1378 non
1093 1326 1198 1380 essent

147 1434 177 1480 ιο
197 1424 316 1501 inanes,
336 1424 515 1486 voluntaria
536 1431 635 1486 morte
656 1425 820 1485 desereret.
863 1424 904 1483 Id
925 1442 981 1500 ego
1005 1425 1136 1485 arduum
1164 1425 1198 1485 in
1218 1437 1247 1483 10

197 1531 307 1609 primis
332 1538 365 1592 et
388 1534 556 1612 praecipua
578 1533 671 1593 laude
694 1511 824 1608 dignum
845 1539 930 1611 puto.
972 1535 1056 1593 Nam
1077 1533 1198 1610 impetu

198 1637 333 1714 quodam
347 1643 379 1697 et
392 1638 545 1699 instinctu
559 1657 739 1716 procurrere
754 1639 793 1697 ad
807 1645 938 1698 mortem
953 1657 1115 1698 commune
1127 1657 1197 1697 cum

197 1740 315 1817 multis,
338 1742 510 1802 deliberare
532 1762 604 1802 vero
625 1749 657 1803 et
677 1762 786 1803 causas
808 1744 875 1804 eius
896 1744 1080 1821 expendere,
1101 1749 1197 1821 utque

197 1836 332 1906 suaserit
345 1847 435 1921 ratio,
446 1847 530 1907 vitae
544 1848 716 1925 mortisque
730 1848 896 1909 consilium
910 1848 960 1907 vel
976 1848 1132 1925 suscipere
1147 1846 1197 1906 vel

148 1965 176 2010 11
197 1969 312 2028 ponere
339 1951 477 2029 ingentis
497 1959 545 2014 est
567 1953 672 2013 animi.
715 1954 758 2013 Et
780 1953 893 2013 medici
915 1953 1039 2030 quidem
1062 1954 1198 2013 secunda
1218 1963 1246 2009 15
1268 1997 1271 2003 ,

197 2056 287 2117 nobis
314 2057 518 2134 pollicentur:
552 2064 694 2136 superest
721 2063 757 2118 ut
783 2059 946 2136 promissis
975 2059 1051 2118 deus
1079 2058 1198 2117 adnuat

196 2160 386 2240 tandemque
401 2181 451 2222 me
472 2163 529 2223 hae
552 2162 763 2224 sollicitudine
784 2163 942 2239 exsolvat3
965 2182 1027 2240 qua
1046 2163 1197 2223 liberatus

196 2265 423 2327 Laurentinum
438 2287 551 2344 meum,
566 2269 624 2328 hoc
638 2273 687 2329 est
701 2268 823 2329 libellos
838 2274 870 2328 et
892 2268 1061 2345 pugillares
1083 2268 1198 2327 studio

197 2389 329 2450 sumque
349 2372 448 2432 otium
469 2378 617 2450 repetam.
660 2374 753 2433 Nunc
775 2375 858 2432 enim
880 2372 961 2431 nihil
983 2373 1094 2448 legere,
1116 2371 1197 2432 nihil

147 2487 176 2532 12
197 2475 331 2536 seribere
344 2483 400 2537 aut
414 2477 571 2538 adsidenti
585 2484 676 2538 vacat
690 2484 745 2538 aut
759 2478 852 2538 anxio
868 2477 954 2539 libet.
998 2478 1105 2538 Habes
1120 2477 1197 2555 quid
1217 2490 1246 2536 20

196 2579 333 2656 timeam,
349 2581 426 2660 quid
447 2587 562 2660 optem,
577 2582 653 2660 quid
675 2582 770 2642 etiam
791 2583 825 2641 in
846 2588 1004 2660 posterum
1026 2582 1194 2642 destinem:

196 2689 233 2744 tu
247 2685 324 2763 quid
337 2685 447 2762 egeris,
463 2687 539 2765 quid
553 2706 636 2763 agas,
649 2687 726 2764 quid
740 2686 820 2747 velis
834 2706 934 2763 agere,
947 2686 1079 2747 invicem
1096 2686 1195 2761 nobis,

196 2790 252 2850 sed
279 2789 462 2851 laetioribus
490 2791 635 2869 epistulis
661 2792 769 2852 scribe.
819 2791 891 2852 Erit
912 2791 1089 2851 confusioni
1110 2809 1196 2850 meae

194 2904 259 2945 non
272 2885 427 2946 mediocre
442 2886 600 2963 solacium,
615 2887 643 2948 si
657 2893 693 2947 tu
706 2887 787 2947 nihil
802 2886 950 2965 quereris.
992 2887 1078 2948 Vale.

501 3197 503 3200 ·
551 3170 628 3231 ...ιιι
657 3167 813 3249 (ιιιιιιι.)

342 3328 373 3382 0.
398 3331 543 3382 PLINIUS
565 3332 727 3382 POMPEIO
750 3331 910 3383 FALCONI
933 3331 1000 3384 SUO
1023 3331 1049 3383 S.

424 3511 425 3514 =
453 3477 558 3530 Stould
574 3494 591 3530 a
609 3480 714 3530 tribune
728 3481 809 3542 pleod
825 3479 943 3530 causes?

158 3637 172 3682 1
235 3620 382 3682 Consulis
407 3641 448 3682 an
472 3621 649 3682 existimem
670 3628 702 3682 te
723 3623 757 3682 in
778 3623 940 3682 tribunatu
967 3641 1075 3681 causas
1103 3639 1195 3696 agere
1215 3630 1243 3674 25
1334 3656 1337 3661 ι

194 3725 316 3786 debere.
359 3726 536 3786 Plurimum
563 3727 661 3786 refert
682 3727 759 3804 quid
786 3745 854 3788 csse
878 3726 1072 3786 tribunatum
1093 3731 1194 3803 putes,
