2782 4164
161 293 203 373 74
586 310 618 362 c.
637 309 737 362 rann

161 479 269 556 gebat!
292 499 385 558 quam
401 480 549 556 studiose,
567 500 662 558 quam
681 480 903 558 intellegenter
924 480 1105 555 lectitabat!
1128 484 1164 540 ut

160 602 252 662 parce
272 585 489 662 custoditeque
510 585 654 646 ludebatl
696 586 764 656 Qua
784 585 842 646 illa
861 585 1079 664 temperantia,
1101 604 1165 662 qua

160 689 401 767 patientiaque
417 690 513 750 etiam
533 690 712 751 constantia
732 690 936 751 novissimam
950 689 1164 751 valetudinem

160 793 253 854 tulit!
295 794 430 855 Medicis
450 795 688 872 obsequebatur,
710 813 856 871 sororem,
877 801 1000 873 patrem
1021 795 1200 854 adhorta-4

125 897 261 974 tbatur,
286 898 449 976 ipsamque
472 917 505 960 se
530 899 717 960 destitutam
743 900 881 978 corporis
908 899 1029 960 viribus
1057 899 1164 976 vigore

161 1004 258 1064 animi
279 1004 464 1064 sustinebat.
506 1005 643 1064 Duravit
663 1005 714 1064 hic
736 1005 905 1082 illiusque
926 1005 967 1065 ad
988 1010 1199 1064 extremumt

160 1126 217 1168 nec
231 1115 287 1169 aut
301 1108 404 1186 spatio
419 1108 610 1169 valetudinis
622 1115 677 1169 aut
691 1116 777 1169 metu
798 1109 907 1170 mortis
928 1108 1083 1170 infractus
1105 1115 1162 1184 est,

161 1232 223 1290 quo
237 1213 343 1291 plures
365 1213 584 1290 gravioresque
606 1214 695 1275 nobis
717 1232 826 1276 causas
847 1213 1040 1290 relinqueret
1061 1213 1164 1274 etde

161 1318 270 1379 siderii
285 1324 317 1377 et
337 1318 462 1378 doloris.
507 1318 532 1379 0
554 1318 645 1378 triste
667 1318 760 1397 plane
781 1319 987 1398 acerbumque
1008 1319 1122 1378 funus!
1145 1337 1163 1378 o
1183 1329 1198 1374 6

112 1433 141 1479 10
160 1429 260 1483 morte
275 1423 345 1500 ipsa
358 1423 467 1483 mortis
488 1429 612 1501 tempus
634 1424 811 1500 indignius!
834 1424 897 1484 iarn
917 1423 1076 1484 destinata
1096 1430 1163 1484 erat

160 1528 285 1604 egregio
303 1528 419 1603 iuveni,
435 1528 497 1588 iam
518 1528 635 1588 electus
656 1528 837 1606 nuptiarum
859 1528 936 1604 dies,
952 1528 1014 1588 iam
1034 1547 1092 1589 nos
1112 1547 1164 1588 vo

160 1632 231 1692 cati.
282 1632 372 1702 Quod
392 1632 540 1708 gaudium
561 1651 623 1709 quo
644 1651 782 1692 maerore
803 1638 958 1693 mutatum
979 1634 1043 1693 est!
1088 1633 1197 1693 Nont

160 1756 288 1815 possum
302 1736 476 1814 exprimere
490 1737 595 1797 verbis
610 1744 763 1814 quantum
779 1738 883 1797 animo
903 1736 1019 1797 vulnus
1041 1755 1163 1814 accepe-

160 1841 229 1916 rim,
255 1860 326 1900 cum
353 1841 459 1901 audivi
484 1842 673 1901 Fundanum
697 1843 809 1920 ipsum,
834 1848 871 1901 ut
895 1841 995 1901 multa
1019 1840 1163 1902 luctuosa

111 1959 140 2006 15
161 1947 249 2006 dolor
273 1946 403 2022 invenit,
426 1946 677 2024 praecipientem,
700 1947 783 2024 quod
807 1947 842 2005 in
863 1952 967 2007 vestes
992 1947 1163 2022 margarita

160 2070 298 2127 gemmas
322 2052 428 2111 fuerat
455 2057 646 2127 erogaturus,
671 2053 730 2111 hoc
758 2052 792 2110 in
816 2058 867 2113 tus
889 2057 922 2111 et
945 2058 1106 2128 unguenta
1130 2058 1162 2112 et

160 2158 269 2217 odores
294 2156 523 2233 inpenderetur.
566 2157 626 2216 Est
650 2157 776 2233 quidem
804 2157 859 2216 ille
888 2157 1029 2217 eruditus
1057 2163 1089 2217 et
1117 2169 1196 2217 sas

160 2262 259 2339 piens,
274 2261 378 2338 utqui
393 2280 425 2321 se
441 2261 480 2321 ab
494 2261 622 2320 ineunte
644 2267 746 2321 aetate
768 2261 930 2321 altioribus
952 2261 1067 2322 studiis
1089 2262 1162 2321 arti-

159 2367 279 2443 busque
294 2366 457 2440 dediderit,
470 2367 524 2426 sed
539 2385 622 2425 nunc
636 2367 741 2426 omnia
755 2384 835 2444 quae
850 2367 951 2426 audiit
966 2385 1067 2444 saepe,
1080 2386 1160 2444 quae

109 2480 140 2526 ao
159 2471 241 2530 dixit
255 2477 438 2548 aspernatur
453 2471 655 2548 expulsisque
676 2471 847 2532 virtutibus
868 2471 940 2531 aliis
962 2472 1089 2549 pictatis
1111 2478 1161 2532 est

158 2582 253 2637 totus.
296 2575 453 2652 Ignoscas,
468 2575 611 2636 laudabis
629 2576 734 2650 etiam,
750 2576 776 2636 si
794 2576 980 2652 cogitaveris
995 2577 1072 2654 quid
1086 2577 1160 2636 ami·
1180 2591 1196 2637 9

160 2681 244 2740 serit.
287 2679 406 2740 Amisit
434 2680 516 2739 enirn
539 2680 638 2740 filiam
660 2699 739 2758 quae
760 2700 822 2739 non
843 2681 947 2741 minus
969 2700 1069 2740 mores
1091 2682 1159 2743 eius

159 2805 253 2863 quam
281 2804 315 2845 os
343 2784 527 2863 vultumque
554 2785 711 2846 referebat
740 2792 903 2863 totumquo
931 2793 1052 2864 patrem
1079 2786 1160 2847 mira

159 2890 368 2951 similitudine
396 2890 611 2967 exscripserat.
655 2890 791 2950 Proinde
817 2891 845 2951 si
867 2910 944 2969 quas
966 2892 1006 2951 ad
1028 2909 1098 2949 eum
1120 2890 1159 2951 de
1180 2904 1208 2950 1⁰

108 3006 138 3052 at
158 2994 264 3055 dolore
278 3000 343 3054 tam
357 2993 441 3055 iusto
460 2994 583 3054 litteras
604 2994 722 3069 mittes,
737 3001 892 3054 memento
913 2996 1061 3056 adhibere
1083 2995 1160 3056 sola

157 3099 248 3174 cium,
263 3118 326 3158 non
346 3099 436 3176 qnasi
457 3098 690 3174 castigatorium
713 3105 745 3158 et
765 3100 858 3159 nimis
880 3099 971 3175 forte,
987 3101 1042 3160 sed
1064 3099 1159 3160 molle

158 3210 190 3264 et
203 3204 383 3263 humanum.
426 3204 515 3274 Quod
531 3210 568 3263 ut
589 3204 715 3264 facilius
736 3205 884 3264 admittat
906 3205 1039 3265 multum
1060 3205 1158 3279 faciet

156 3309 253 3368 medii
267 3308 418 3386 temporis
433 3308 578 3385 spatium.
622 3311 670 3369 Ut
684 3308 767 3367 enim
781 3309 910 3368 crudum
926 3310 1028 3369 adhuc
1042 3309 1158 3370 vulnus
1179 3325 1207 3372 11

156 3413 348 3474 medentium
363 3432 474 3473 manus
493 3413 686 3487 reformidat,
702 3413 814 3473 deinde
829 3413 949 3490 patitur
966 3421 1059 3491 atque
1072 3414 1158 3474 ultro

107 3531 136 3578 ³0
156 3518 297 3597 requirit,
321 3518 364 3578 sic
395 3536 502 3577 recens
525 3518 622 3577 animi
645 3517 733 3576 dolor
754 3518 982 3579 consolationes
1010 3519 1099 3579 reicit
1121 3538 1158 3580 ac

46 3666 48 3672 -
156 3623 283 3698 refugit,
299 3642 371 3681 mox
393 3622 551 3683 desiderat
573 3627 604 3680 et
626 3622 795 3680 clementer
816 3622 949 3682 admotis
971 3623 1171 3699 adquiescit..

154 3727 242 3789 Vale.
