2782 4164
509 300 774 353 unsrumuuu
798 302 845 352 1v.
865 302 906 352 as.
1165 290 1207 355 67

200 488 283 546 mus,
307 470 422 532 studiis
449 471 621 550 periclitati
648 492 764 547 sumus,
793 491 963 551 rursusque
991 471 1205 551 processimus.

164 588 181 633 o
200 575 397 636 Profuerunt
411 576 503 637 nobis
518 576 670 638 bonorum
687 578 855 652 amicitiae,
870 578 1020 637 bonorum
1039 577 1208 637 obfuerunt

200 679 380 760 iterumque
394 688 534 760 prosunt.
578 683 612 743 Si
623 689 774 761 conputes
789 702 896 757 anuos,
912 683 1059 758 exiguum
1073 687 1206 760 tempus,

164 798 180 844 6
201 784 231 845 si
254 784 340 847 vices
364 804 478 861 rerum,
501 805 612 847 aevum
640 794 739 866 putes.
783 788 872 859 Quod
894 794 998 865 potest
1022 806 1089 847 esse
1118 788 1208 847 docu-

200 896 309 950 mento
325 890 407 950 nihil
425 891 598 969 desperare,
615 891 696 951 nulli
710 892 754 952 rei
771 892 876 968 fidere,
893 911 963 951 cum
980 892 1142 952 videamus
1159 897 1208 951 tot
1226 906 1242 950 s

163 993 372 1056 tvarietates
399 1000 465 1056 tam
493 995 625 1057 volubili
656 998 730 1057 orbe
757 997 934 1074 circumagi.
991 997 1074 1056 Mihi
1101 1002 1206 1056 autem

199 1099 360 1160 familiare
380 1107 429 1161 est
450 1119 557 1161 omnes
579 1101 785 1178 cogitationes
807 1120 891 1161 meas
918 1108 1019 1161 tecum
1040 1101 1207 1160 communi-

200 1222 272 1264 care
292 1204 455 1283 isdemque
479 1212 511 1265 te
539 1206 590 1266 vel
618 1207 795 1285 praeceptis
822 1205 873 1266 vel
901 1206 1053 1284 exemplis
1082 1225 1206 1265 monere

201 1308 317 1387 quibus
335 1309 403 1388 ipse
422 1328 472 1370 me
490 1329 617 1387 moneo;
640 1329 719 1389 quae
740 1311 822 1370 ratio
843 1311 937 1371 huius
959 1311 1112 1388 epistulae
1134 1310 1204 1370 fuit.

200 1413 290 1474 Vale.
1227 1427 1252 1473 u

598 1535 651 1595 ⁵4.
681 1532 811 1613 (xxv.)

365 1679 396 1731 C.
421 1678 566 1729 PLINIUS
589 1679 722 1730 MESSIO
746 1679 899 1729 MAXIMO
923 1679 991 1730 SUO
1015 1679 1041 1730 S.

456 1813 546 1863 Abuse
558 1814 591 1876 os
598 1814 640 1863 tlte
653 1814 738 1863 bollot
750 1815 779 1862 in
789 1814 831 1863 tte
846 1813 950 1864 deuote.

166 1958 180 2003 1
244 1943 436 2022 Scripseram
456 1944 516 2003 tibi
538 1945 708 2003 verendum
727 1963 794 2004 esse
813 1964 851 2003 ne
868 1964 906 2003 ex
924 1945 1029 2004 tacitis
1046 1944 1204 2020 suffragiis
1236 1968 1239 1974 ·

201 2048 317 2108 vitium
338 2048 466 2126 aliquod
487 2049 645 2108 existeret.
687 2050 819 2108 Factum
839 2057 894 2109 est.
938 2050 1095 2109 Proximis
1115 2050 1206 2109 comi-

200 2153 257 2214 tiis
282 2153 316 2212 in
340 2153 527 2230 quibusdam
553 2154 679 2212 tabellis
704 2153 804 2213 multa
823 2155 974 2238 iocularia
995 2161 1088 2231 atque
1110 2155 1204 2214 etiarn

201 2259 296 2318 foeda
320 2258 416 2332 dictu,
441 2258 475 2316 in
499 2277 562 2317 una
587 2278 659 2317 vero
684 2278 740 2335 pro
765 2260 999 2319 candidatorum
1026 2260 1204 2320 nominibus

165 2380 181 2426 2
202 2364 442 2439 suffragatorum
463 2363 590 2422 nomina
608 2364 738 2422 iuventa
756 2370 836 2423 sunt.
880 2365 1059 2424 Excanduit
1079 2371 1204 2425 senatus
1226 2375 1253 2419 1⁵

201 2486 376 2546 magnoque
397 2468 531 2527 clamore
556 2468 584 2527 ei
610 2468 665 2545 qui
691 2469 870 2546 scripsisset
895 2471 1009 2529 iratum
1031 2469 1204 2547 principem

202 2578 251 2633 est
271 2579 492 2651 comprecatus
536 2572 597 2632 Ille
619 2579 725 2632 tamen
746 2574 864 2633 fefellit
889 2581 920 2634 et
945 2575 1047 2649 latuit,
1069 2575 1204 2634 fortasse

165 2694 181 2739 a
201 2679 299 2738 etiam
316 2679 399 2738 inter
418 2678 619 2754 indignantes
641 2678 712 2737 fuit.
757 2679 838 2749 Quid
857 2680 939 2738 hune
957 2686 1103 2757 putamus
1121 2679 1205 2739 domi

200 2784 315 2858 facere,
334 2782 389 2861 qui
406 2783 440 2841 in
455 2788 546 2842 tanta
560 2802 593 2842 re
610 2790 675 2843 tam
694 2784 775 2843 serio
793 2791 930 2861 tempore
948 2789 1014 2843 tarn
1033 2784 1205 2844 scurriliter

201 2888 300 2963 ludat,
315 2887 370 2966 qui
384 2887 519 2965 denique
537 2888 663 2947 omnino
680 2888 712 2946 in
728 2895 838 2947 senatu
855 2889 946 2948 dicax
965 2894 997 2947 et
1017 2889 1153 2949 urbanus
1173 2894 1204 2948 et
1225 2895 1253 2940 20

166 3009 182 3054 4
201 2992 304 3052 bellus
321 2993 396 3052 est?
439 2994 575 3052 Tantum
592 2992 738 3052 licentiae
756 2993 861 3070 pravis
884 2993 1018 3068 ingeniis
1036 2992 1133 3053 adicit
1148 2992 1205 3051 illa

177 3096 317 3156 liducia
341 3096 432 3175 ‘quis
456 3096 540 3155 enim
563 3097 686 3156 sciet?’
738 3098 886 3174 Poposcit
913 3098 1071 3171 tabellam,
1095 3097 1203 3157 stilum

202 3201 331 3279 accepit,
353 3201 481 3261 demisit
505 3208 607 3278 caput,
629 3203 786 3261 neminem
812 3208 944 3277 veretur,
968 3221 999 3262 se
1023 3202 1202 3262 contemnit.

202 3307 282 3367 Inde
299 3307 362 3366 ista
377 3306 515 3366 ludibria
534 3325 646 3366 scaena
663 3312 694 3366 et
716 3307 839 3384 pulpito
861 3307 963 3383 digna.
1007 3308 1072 3377 Quo
1094 3313 1125 3366 te
1139 3325 1205 3365 ver-

200 3413 287 3472 tas?
310 3430 389 3489 quae
417 3411 554 3470 remedia
582 3412 772 3489 conquiras?
807 3412 923 3488 ubique
951 3411 1030 3471 vitia
1057 3411 1203 3470 remediis
1223 3422 1251 3466 25

201 3517 341 3577 fortiora.
385 3515 478 3577 Ἀλλὰ
498 3521 584 3576 ταῦτα
605 3521 645 3596 τῷ
665 3519 733 3595 ὑπὲρ
756 3519 827 3594 ἡμᾶς
848 3518 975 3594 μελήσει,
997 3516 1047 3574 eui
1069 3516 1202 3575 multum

200 3623 315 3684 cotidie
343 3621 532 3696 vigiliarum,
561 3622 695 3680 multum
724 3622 839 3681 laboris
867 3621 965 3681 adicit
992 3621 1069 3681 haec
1097 3626 1205 3681 nostra

164 3740 180 3788 6
200 3728 285 3790 iners
307 3732 339 3790 et
360 3733 466 3788 tamen
488 3727 639 3786 effrenata
661 3726 844 3804 petulantia.
887 3727 974 3787 Vale.
