<?xml version="1.0" encoding="UTF-8"?>
<!DOCTYPE html PUBLIC "-//W3C//DTD XHTML 1.0 Transitional//EN"
    "http://www.w3.org/TR/xhtml1/DTD/xhtml1-transitional.dtd">
<html xmlns="http://www.w3.org/1999/xhtml" xml:lang="en" lang="en">
 <head>
  <title>
</title>
<meta http-equiv="Content-Type" content="text/html;charset=utf-8" />
  <meta name='ocr-system' content='tesseract 3.04.00' />
  <meta name='ocr-capabilities' content='ocr_page ocr_carea ocr_par ocr_line ocrx_word'/>
</head>
<body>
  <div class='ocr_page' id='page_1' title='image "./cplinisecundiep00plingoog_0121.png"; bbox 0 0 2782 4164; ppageno 0'>
   <div class='ocr_carea' id='block_1_1' title="bbox 213 305 789 383">
    <p class='ocr_par' dir='ltr' id='par_1_1' title="bbox 213 305 789 383">
     <span class='ocr_line' id='line_1_1' title="bbox 213 305 789 383; baseline -0.007 -13"><span class='ocrx_word' id='word_1_1' title='bbox 213 305 258 383; x_wconf 66' lang='lat'>&#39;12</span> <span class='ocrx_word' id='word_1_2' title='bbox 638 315 669 368; x_wconf 89' lang='lat' dir='ltr'>c.</span> <span class='ocrx_word' id='word_1_3' title='bbox 687 314 789 380; x_wconf 77' lang='lat' dir='ltr'>rnnu</span> 
     </span>
    </p>
   </div>
   <div class='ocr_carea' id='block_1_2' title="bbox 213 485 1253 775">
    <p class='ocr_par' dir='ltr' id='par_1_2' title="bbox 213 485 1253 775">
     <span class='ocr_line' id='line_1_2' title="bbox 215 485 1219 563; baseline -0.003 -14"><span class='ocrx_word' id='word_1_4' title='bbox 215 507 317 549; x_wconf 90' lang='lat' dir='ltr'>moras</span> <span class='ocrx_word' id='word_1_5' title='bbox 337 492 393 548; x_wconf 88' lang='lat' dir='ltr'>aut</span> <span class='ocrx_word' id='word_1_6' title='bbox 412 505 489 547; x_wconf 89' lang='lat' dir='ltr'>cave</span> <span class='ocrx_word' id='word_1_7' title='bbox 502 504 542 545; x_wconf 91' lang='lat' dir='ltr'>ne</span> <span class='ocrx_word' id='word_1_8' title='bbox 556 485 681 547; x_wconf 90' lang='lat' dir='ltr'>eosdem</span> <span class='ocrx_word' id='word_1_9' title='bbox 695 486 773 546; x_wconf 88' lang='lat' dir='ltr'>istos</span> <span class='ocrx_word' id='word_1_10' title='bbox 787 485 921 561; x_wconf 89' lang='lat' dir='ltr'>libellos,</span> <span class='ocrx_word' id='word_1_11' title='bbox 936 504 1014 563; x_wconf 89' lang='lat' dir='ltr'>quos</span> <span class='ocrx_word' id='word_1_12' title='bbox 1028 485 1089 546; x_wconf 91' lang='lat' dir='ltr'>tibi</span> <span class='ocrx_word' id='word_1_13' title='bbox 1102 485 1219 546; x_wconf 90' lang='lat' dir='ltr'>hende-</span> 
     </span>
     <span class='ocr_line' id='line_1_3' title="bbox 213 590 1218 673; baseline -0.004 -19"><span class='ocrx_word' id='word_1_14' title='bbox 213 592 367 673; x_wconf 86' lang='lat' dir='ltr'>casyllabi</span> <span class='ocrx_word' id='word_1_15' title='bbox 387 591 488 652; x_wconf 80' lang='lat' dir='ltr'>nostri</span> <span class='ocrx_word' id='word_1_16' title='bbox 508 590 675 652; x_wconf 90' lang='lat' dir='ltr'>blanditiis</span> <span class='ocrx_word' id='word_1_17' title='bbox 695 590 808 650; x_wconf 76' lang='lat' dir='ltr'>elicere</span> <span class='ocrx_word' id='word_1_18' title='bbox 829 610 892 650; x_wconf 91' lang='lat' dir='ltr'>non</span> <span class='ocrx_word' id='word_1_19' title='bbox 912 596 1054 668; x_wconf 77' lang='lat' dir='ltr'>possunt,</span> <span class='ocrx_word' id='word_1_20' title='bbox 1075 590 1218 651; x_wconf 82' lang='lat' dir='ltr'>convicio</span> 
     </span>
     <span class='ocr_line' id='line_1_4' title="bbox 213 695 1253 775; baseline -0.003 -16"><span class='ocrx_word' id='word_1_21' title='bbox 213 704 374 760; x_wconf 78' lang='lat' dir='ltr'>scazontes</span> <span class='ocrx_word' id='word_1_22' title='bbox 401 702 617 774; x_wconf 70' lang='lat' dir='ltr'>extorqueant</span> <span class='ocrx_word' id='word_1_23' title='bbox 665 696 846 756; x_wconf 81' lang='lat' dir='ltr'>Perfectum</span> <span class='ocrx_word' id='word_1_24' title='bbox 870 715 948 774; x_wconf 93' lang='lat' dir='ltr'>opus</span> <span class='ocrx_word' id='word_1_25' title='bbox 976 695 1253 775; x_wconf 85' lang='lat' dir='ltr'>absolutumquea</span> 
     </span>
    </p>
   </div>
   <div class='ocr_carea' id='block_1_3' title="bbox 176 800 1220 1284">
    <p class='ocr_par' dir='ltr' id='par_1_3' title="bbox 212 800 1218 879">
     <span class='ocr_line' id='line_1_5' title="bbox 212 800 1218 879; baseline -0.003 -16"><span class='ocrx_word' id='word_1_26' title='bbox 212 810 272 878; x_wconf 83' lang='lat' dir='ltr'>est,</span> <span class='ocrx_word' id='word_1_27' title='bbox 288 821 346 863; x_wconf 89' lang='lat' dir='ltr'>neo</span> <span class='ocrx_word' id='word_1_28' title='bbox 366 801 430 862; x_wconf 89' lang='lat' dir='ltr'>iam</span> <span class='ocrx_word' id='word_1_29' title='bbox 450 801 642 879; x_wconf 86' lang='lat' dir='ltr'>splendescit</span> <span class='ocrx_word' id='word_1_30' title='bbox 662 800 740 860; x_wconf 92' lang='lat' dir='ltr'>lima</span> <span class='ocrx_word' id='word_1_31' title='bbox 760 801 816 862; x_wconf 91' lang='lat' dir='ltr'>sed</span> <span class='ocrx_word' id='word_1_32' title='bbox 836 800 991 860; x_wconf 89' lang='lat' dir='ltr'>atteritur.</span> <span class='ocrx_word' id='word_1_33' title='bbox 1033 800 1148 860; x_wconf 89' lang='lat' dir='ltr'>Patere</span> <span class='ocrx_word' id='word_1_34' title='bbox 1167 819 1218 860; x_wconf 90' lang='lat' dir='ltr'>me</span> 
     </span>
    </p>

    <p class='ocr_par' dir='ltr' id='par_1_4' title="bbox 176 904 1220 1284">
     <span class='ocr_line' id='line_1_6' title="bbox 176 904 1218 984; baseline 0 -18"><span class='ocrx_word' id='word_1_35' title='bbox 176 922 193 966; x_wconf 78' lang='lat' dir='ltr'>e</span> <span class='ocrx_word' id='word_1_36' title='bbox 214 909 320 968; x_wconf 83' lang='lat' dir='ltr'>ridere</span> <span class='ocrx_word' id='word_1_37' title='bbox 340 906 471 967; x_wconf 90' lang='lat' dir='ltr'>titulum</span> <span class='ocrx_word' id='word_1_38' title='bbox 491 912 590 981; x_wconf 90' lang='lat' dir='ltr'>tuum,</span> <span class='ocrx_word' id='word_1_39' title='bbox 611 912 720 984; x_wconf 85' lang='lat' dir='ltr'>patere</span> <span class='ocrx_word' id='word_1_40' title='bbox 741 905 850 965; x_wconf 88' lang='lat' dir='ltr'>audire</span> <span class='ocrx_word' id='word_1_41' title='bbox 870 904 1005 966; x_wconf 86' lang='lat' dir='ltr'>describi</span> <span class='ocrx_word' id='word_1_42' title='bbox 1025 904 1089 981; x_wconf 90' lang='lat' dir='ltr'>legi</span> <span class='ocrx_word' id='word_1_43' title='bbox 1109 905 1218 966; x_wconf 83' lang='lat' dir='ltr'>venire</span> 
     </span>
     <span class='ocr_line' id='line_1_7' title="bbox 212 1010 1218 1089; baseline -0.001 -17"><span class='ocrx_word' id='word_1_44' title='bbox 212 1012 375 1073; x_wconf 81' lang='lat' dir='ltr'>volumina</span> <span class='ocrx_word' id='word_1_45' title='bbox 394 1011 573 1089; x_wconf 84' lang='lat' dir='ltr'>Tranquilli</span> <span class='ocrx_word' id='word_1_46' title='bbox 592 1011 663 1070; x_wconf 88' lang='lat' dir='ltr'>mei.</span> <span class='ocrx_word' id='word_1_47' title='bbox 705 1010 825 1070; x_wconf 87' lang='lat' dir='ltr'>Aecum</span> <span class='ocrx_word' id='word_1_48' title='bbox 845 1015 895 1071; x_wconf 88' lang='lat' dir='ltr'>est</span> <span class='ocrx_word' id='word_1_49' title='bbox 912 1029 970 1072; x_wconf 86' lang='lat' dir='ltr'>nos</span> <span class='ocrx_word' id='word_1_50' title='bbox 983 1010 1018 1070; x_wconf 91' lang='lat' dir='ltr'>in</span> <span class='ocrx_word' id='word_1_51' title='bbox 1031 1028 1137 1070; x_wconf 89' lang='lat' dir='ltr'>amore</span> <span class='ocrx_word' id='word_1_52' title='bbox 1150 1015 1218 1071; x_wconf 87' lang='lat' dir='ltr'>tam</span> 
     </span>
     <span class='ocr_line' id='line_1_8' title="bbox 212 1115 1220 1196; baseline -0.004 -18"><span class='ocrx_word' id='word_1_53' title='bbox 212 1125 323 1178; x_wconf 91' lang='lat' dir='ltr'>mutuo</span> <span class='ocrx_word' id='word_1_54' title='bbox 339 1117 471 1178; x_wconf 88' lang='lat' dir='ltr'>eandem</span> <span class='ocrx_word' id='word_1_55' title='bbox 490 1116 650 1196; x_wconf 89' lang='lat' dir='ltr'>percipere</span> <span class='ocrx_word' id='word_1_56' title='bbox 671 1134 711 1176; x_wconf 88' lang='lat' dir='ltr'>ex</span> <span class='ocrx_word' id='word_1_57' title='bbox 731 1122 764 1176; x_wconf 91' lang='lat' dir='ltr'>te</span> <span class='ocrx_word' id='word_1_58' title='bbox 784 1115 990 1194; x_wconf 84' lang='lat' dir='ltr'>voluptatem,</span> <span class='ocrx_word' id='word_1_59' title='bbox 1012 1133 1076 1194; x_wconf 89' lang='lat' dir='ltr'>qua</span> <span class='ocrx_word' id='word_1_60' title='bbox 1093 1121 1132 1176; x_wconf 91' lang='lat' dir='ltr'>tu</span> <span class='ocrx_word' id='word_1_61' title='bbox 1151 1133 1220 1194; x_wconf 91' lang='lat' dir='ltr'>per·</span> 
     </span>
     <span class='ocr_line' id='line_1_9' title="bbox 212 1221 627 1284; baseline -0.007 0"><span class='ocrx_word' id='word_1_62' title='bbox 212 1223 329 1284; x_wconf 86' lang='lat' dir='ltr'>frueris</span> <span class='ocrx_word' id='word_1_63' title='bbox 343 1241 383 1283; x_wconf 91' lang='lat' dir='ltr'>ex</span> <span class='ocrx_word' id='word_1_64' title='bbox 396 1222 497 1283; x_wconf 85' lang='lat' dir='ltr'>nobis</span> <span class='ocrx_word' id='word_1_65' title='bbox 539 1221 627 1283; x_wconf 87' lang='lat' dir='ltr'>Vale.</span> 
     </span>
    </p>
   </div>
   <div class='ocr_carea' id='block_1_4' title="bbox 471 1470 965 1693">
    <p class='ocr_par' dir='ltr' id='par_1_5' title="bbox 471 1470 965 1693">
     <span class='ocr_line' id='line_1_10' title="bbox 614 1470 814 1552; baseline -0.015 -18"><span class='ocrx_word' id='word_1_66' title='bbox 614 1472 667 1534; x_wconf 80' lang='lat' dir='ltr'>ee.</span> <span class='ocrx_word' id='word_1_67' title='bbox 697 1470 814 1552; x_wconf 78' lang='lat' dir='ltr'>(mv.)</span> 
     </span>
     <span class='ocr_line' id='line_1_11' title="bbox 471 1639 965 1693; baseline 0.002 -1"><span class='ocrx_word' id='word_1_68' title='bbox 471 1639 503 1693; x_wconf 83' lang='lat'>0.</span> <span class='ocrx_word' id='word_1_69' title='bbox 524 1639 669 1691; x_wconf 83' lang='lat' dir='ltr'>PLINIUS</span> <span class='ocrx_word' id='word_1_70' title='bbox 690 1639 823 1690; x_wconf 82' lang='lat' dir='ltr'>PONTIO</span> <span class='ocrx_word' id='word_1_71' title='bbox 846 1639 915 1692; x_wconf 83' lang='lat' dir='ltr'>SUO</span> <span class='ocrx_word' id='word_1_72' title='bbox 936 1640 965 1693; x_wconf 83' lang='lat' dir='ltr'>S.</span> 
     </span>
    </p>
   </div>
   <div class='ocr_carea' id='block_1_5' title="bbox 343 1795 1088 1860">
    <p class='ocr_par' dir='ltr' id='par_1_6' title="bbox 343 1795 1088 1860">
     <span class='ocr_line' id='line_1_12' title="bbox 343 1795 1088 1860; baseline 0.001 -13"><span class='ocrx_word' id='word_1_73' title='bbox 343 1797 451 1860; x_wconf 74' lang='lat' dir='ltr'>Riay’s</span> <span class='ocrx_word' id='word_1_74' title='bbox 462 1797 557 1860; x_wconf 76' lang='lat' dir='ltr'>friend</span> <span class='ocrx_word' id='word_1_75' title='bbox 569 1796 624 1846; x_wconf 80' lang='lat' dir='ltr'>aad</span> <span class='ocrx_word' id='word_1_76' title='bbox 634 1797 778 1859; x_wconf 70' lang='lat' dir='ltr'>collesque,</span> <span class='ocrx_word' id='word_1_77' title='bbox 791 1795 928 1847; x_wconf 63' lang='lat' dir='ltr'>Omma-r</span> <span class='ocrx_word' id='word_1_78' title='bbox 943 1797 1088 1848; x_wconf 70' lang='lat' dir='ltr'>Tertullus.</span> 
     </span>
    </p>
   </div>
   <div class='ocr_carea' id='block_1_6' title="bbox 164 1949 1255 3807">
    <p class='ocr_par' dir='ltr' id='par_1_7' title="bbox 164 1949 1255 3807">
     <span class='ocr_line' id='line_1_13' title="bbox 254 1949 1253 2028; baseline -0.005 -14"><span class='ocrx_word' id='word_1_79' title='bbox 254 1952 450 2014; x_wconf 84' lang='lat' dir='ltr'>Secesseram</span> <span class='ocrx_word' id='word_1_80' title='bbox 473 1951 509 2010; x_wconf 92' lang='lat' dir='ltr'>in</span> <span class='ocrx_word' id='word_1_81' title='bbox 531 1949 746 2028; x_wconf 85' lang='lat' dir='ltr'>municipium,</span> <span class='ocrx_word' id='word_1_82' title='bbox 766 1968 838 2010; x_wconf 90' lang='lat' dir='ltr'>cum</span> <span class='ocrx_word' id='word_1_83' title='bbox 865 1951 945 2010; x_wconf 91' lang='lat' dir='ltr'>mihi</span> <span class='ocrx_word' id='word_1_84' title='bbox 965 1951 1147 2012; x_wconf 89' lang='lat' dir='ltr'>nuntiatum</span> <span class='ocrx_word' id='word_1_85' title='bbox 1168 1958 1218 2014; x_wconf 88' lang='lat' dir='ltr'>est</span> <span class='ocrx_word' id='word_1_86' title='bbox 1237 1964 1253 2009; x_wconf 93' lang='lat'>1</span> 
     </span>
     <span class='ocr_line' id='line_1_14' title="bbox 164 2054 1217 2133; baseline -0.002 -13"><span class='ocrx_word' id='word_1_87' title='bbox 164 2074 196 2120; x_wconf 82' lang='lat' dir='ltr'>ro</span> <span class='ocrx_word' id='word_1_88' title='bbox 214 2059 388 2119; x_wconf 82' lang='lat' dir='ltr'>Cornutum</span> <span class='ocrx_word' id='word_1_89' title='bbox 421 2054 598 2115; x_wconf 85' lang='lat' dir='ltr'>Tertullum</span> <span class='ocrx_word' id='word_1_90' title='bbox 633 2054 789 2133; x_wconf 88' lang='lat' dir='ltr'>accepisse</span> <span class='ocrx_word' id='word_1_91' title='bbox 816 2054 973 2115; x_wconf 82' lang='lat' dir='ltr'>Aemiliae</span> <span class='ocrx_word' id='word_1_92' title='bbox 1000 2057 1073 2116; x_wconf 82' lang='lat' dir='ltr'>viae</span> <span class='ocrx_word' id='word_1_93' title='bbox 1099 2075 1217 2118; x_wconf 91' lang='lat' dir='ltr'>curam.</span> 
     </span>
     <span class='ocr_line' id='line_1_15' title="bbox 213 2159 1254 2240; baseline -0.004 -18"><span class='ocrx_word' id='word_1_94' title='bbox 213 2162 399 2240; x_wconf 84' lang='lat' dir='ltr'>Exprimere</span> <span class='ocrx_word' id='word_1_95' title='bbox 419 2180 483 2220; x_wconf 90' lang='lat' dir='ltr'>non</span> <span class='ocrx_word' id='word_1_96' title='bbox 503 2178 632 2237; x_wconf 86' lang='lat' dir='ltr'>possum</span> <span class='ocrx_word' id='word_1_97' title='bbox 652 2165 770 2235; x_wconf 90' lang='lat' dir='ltr'>quanto</span> <span class='ocrx_word' id='word_1_98' title='bbox 790 2159 850 2219; x_wconf 88' lang='lat' dir='ltr'>sim</span> <span class='ocrx_word' id='word_1_99' title='bbox 872 2160 988 2236; x_wconf 88' lang='lat' dir='ltr'>gaudio</span> <span class='ocrx_word' id='word_1_100' title='bbox 1011 2161 1157 2222; x_wconf 88' lang='lat' dir='ltr'>adfectus</span> <span class='ocrx_word' id='word_1_101' title='bbox 1184 2167 1220 2222; x_wconf 91' lang='lat' dir='ltr'>et</span> <span class='ocrx_word' id='word_1_102' title='bbox 1237 2173 1254 2218; x_wconf 82' lang='lat' dir='ltr'>a</span> 
     </span>
     <span class='ocr_line' id='line_1_16' title="bbox 212 2264 1218 2345; baseline 0 -18"><span class='ocrx_word' id='word_1_103' title='bbox 212 2267 315 2345; x_wconf 89' lang='lat' dir='ltr'>ipsius</span> <span class='ocrx_word' id='word_1_104' title='bbox 335 2272 368 2326; x_wconf 92' lang='lat' dir='ltr'>et</span> <span class='ocrx_word' id='word_1_105' title='bbox 388 2285 459 2326; x_wconf 92' lang='lat' dir='ltr'>meo</span> <span class='ocrx_word' id='word_1_106' title='bbox 478 2264 620 2340; x_wconf 88' lang='lat' dir='ltr'>nomine;</span> <span class='ocrx_word' id='word_1_107' title='bbox 642 2264 751 2342; x_wconf 89' lang='lat' dir='ltr'>ipsius,</span> <span class='ocrx_word' id='word_1_108' title='bbox 773 2265 867 2342; x_wconf 89' lang='lat' dir='ltr'>quod,</span> <span class='ocrx_word' id='word_1_109' title='bbox 888 2265 931 2325; x_wconf 89' lang='lat' dir='ltr'>sit</span> <span class='ocrx_word' id='word_1_110' title='bbox 951 2265 1036 2341; x_wconf 87' lang='lat' dir='ltr'>licet,</span> <span class='ocrx_word' id='word_1_111' title='bbox 1055 2267 1139 2327; x_wconf 90' lang='lat' dir='ltr'>sicut</span> <span class='ocrx_word' id='word_1_112' title='bbox 1158 2273 1218 2344; x_wconf 89' lang='lat' dir='ltr'>est,</span> 
     </span>
     <span class='ocr_line' id='line_1_17' title="bbox 213 2369 1221 2444; baseline 0 -13"><span class='ocrx_word' id='word_1_113' title='bbox 213 2372 254 2432; x_wconf 91' lang='lat' dir='ltr'>ab</span> <span class='ocrx_word' id='word_1_114' title='bbox 267 2371 354 2430; x_wconf 91' lang='lat' dir='ltr'>omni</span> <span class='ocrx_word' id='word_1_115' title='bbox 367 2370 537 2431; x_wconf 89' lang='lat' dir='ltr'>ambitione</span> <span class='ocrx_word' id='word_1_116' title='bbox 552 2369 644 2444; x_wconf 88' lang='lat' dir='ltr'>longe</span> <span class='ocrx_word' id='word_1_117' title='bbox 661 2374 807 2443; x_wconf 90' lang='lat' dir='ltr'>remotus,</span> <span class='ocrx_word' id='word_1_118' title='bbox 822 2369 917 2430; x_wconf 88' lang='lat' dir='ltr'>debet</span> <span class='ocrx_word' id='word_1_119' title='bbox 935 2376 1041 2430; x_wconf 90' lang='lat' dir='ltr'>tamen</span> <span class='ocrx_word' id='word_1_120' title='bbox 1061 2371 1091 2431; x_wconf 91' lang='lat' dir='ltr'>ei</span> <span class='ocrx_word' id='word_1_121' title='bbox 1112 2371 1221 2431; x_wconf 90' lang='lat' dir='ltr'>iucun-</span> 
     </span>
     <span class='ocr_line' id='line_1_18' title="bbox 214 2473 1219 2552; baseline -0.001 -16"><span class='ocrx_word' id='word_1_122' title='bbox 214 2477 273 2536; x_wconf 88' lang='lat' dir='ltr'>dus</span> <span class='ocrx_word' id='word_1_123' title='bbox 292 2474 392 2535; x_wconf 89' lang='lat' dir='ltr'>honor</span> <span class='ocrx_word' id='word_1_124' title='bbox 412 2492 480 2534; x_wconf 88' lang='lat' dir='ltr'>esse</span> <span class='ocrx_word' id='word_1_125' title='bbox 500 2473 586 2533; x_wconf 89' lang='lat' dir='ltr'>ultro</span> <span class='ocrx_word' id='word_1_126' title='bbox 605 2473 715 2548; x_wconf 89' lang='lat' dir='ltr'>datus;</span> <span class='ocrx_word' id='word_1_127' title='bbox 736 2491 814 2548; x_wconf 89' lang='lat' dir='ltr'>meo,</span> <span class='ocrx_word' id='word_1_128' title='bbox 829 2474 913 2551; x_wconf 92' lang='lat' dir='ltr'>quod</span> <span class='ocrx_word' id='word_1_129' title='bbox 933 2474 1096 2552; x_wconf 90' lang='lat' dir='ltr'>aliquanto</span> <span class='ocrx_word' id='word_1_130' title='bbox 1116 2476 1219 2552; x_wconf 90' lang='lat' dir='ltr'>magis</span> 
     </span>
     <span class='ocr_line' id='line_1_19' title="bbox 165 2576 1220 2657; baseline 0.001 -18"><span class='ocrx_word' id='word_1_131' title='bbox 165 2593 196 2639; x_wconf 77' lang='lat' dir='ltr'>lo</span> <span class='ocrx_word' id='word_1_132' title='bbox 214 2598 264 2639; x_wconf 90' lang='lat' dir='ltr'>me</span> <span class='ocrx_word' id='word_1_133' title='bbox 278 2578 415 2639; x_wconf 82' lang='lat' dir='ltr'>delectat</span> <span class='ocrx_word' id='word_1_134' title='bbox 428 2578 611 2638; x_wconf 90' lang='lat' dir='ltr'>mandatum</span> <span class='ocrx_word' id='word_1_135' title='bbox 627 2577 706 2636; x_wconf 91' lang='lat' dir='ltr'>mihi</span> <span class='ocrx_word' id='word_1_136' title='bbox 721 2576 865 2653; x_wconf 86' lang='lat' dir='ltr'>officium,</span> <span class='ocrx_word' id='word_1_137' title='bbox 880 2585 1048 2657; x_wconf 88' lang='lat' dir='ltr'>postquam</span> <span class='ocrx_word' id='word_1_138' title='bbox 1068 2599 1126 2657; x_wconf 91' lang='lat' dir='ltr'>par</span> <span class='ocrx_word' id='word_1_139' title='bbox 1146 2581 1220 2642; x_wconf 82' lang='lat' dir='ltr'>Cor·</span> 
     </span>
     <span class='ocr_line' id='line_1_20' title="bbox 213 2682 1255 2763; baseline 0.002 -20"><span class='ocrx_word' id='word_1_140' title='bbox 213 2690 291 2743; x_wconf 92' lang='lat' dir='ltr'>nuto</span> <span class='ocrx_word' id='word_1_141' title='bbox 308 2684 416 2743; x_wconf 92' lang='lat' dir='ltr'>datum</span> <span class='ocrx_word' id='word_1_142' title='bbox 437 2682 538 2742; x_wconf 81' lang='lat' dir='ltr'>video.</span> <span class='ocrx_word' id='word_1_143' title='bbox 580 2682 692 2760; x_wconf 86' lang='lat' dir='ltr'>Neque</span> <span class='ocrx_word' id='word_1_144' title='bbox 713 2683 798 2742; x_wconf 92' lang='lat' dir='ltr'>enim</span> <span class='ocrx_word' id='word_1_145' title='bbox 818 2683 925 2759; x_wconf 85' lang='lat' dir='ltr'>augeri</span> <span class='ocrx_word' id='word_1_146' title='bbox 946 2683 1102 2761; x_wconf 83' lang='lat' dir='ltr'>dignitate</span> <span class='ocrx_word' id='word_1_147' title='bbox 1123 2699 1255 2763; x_wconf 79' lang='lat' dir='ltr'>quaint</span> 
     </span>
     <span class='ocr_line' id='line_1_21' title="bbox 213 2786 1220 2867; baseline 0.003 -20"><span class='ocrx_word' id='word_1_148' title='bbox 213 2789 342 2866; x_wconf 87' lang='lat' dir='ltr'>aequari</span> <span class='ocrx_word' id='word_1_149' title='bbox 355 2787 444 2847; x_wconf 92' lang='lat' dir='ltr'>bonis</span> <span class='ocrx_word' id='word_1_150' title='bbox 453 2786 582 2863; x_wconf 89' lang='lat' dir='ltr'>gratius.</span> <span class='ocrx_word' id='word_1_151' title='bbox 625 2787 764 2848; x_wconf 86' lang='lat' dir='ltr'>Cornuto</span> <span class='ocrx_word' id='word_1_152' title='bbox 774 2792 879 2847; x_wconf 87' lang='lat' dir='ltr'>autem</span> <span class='ocrx_word' id='word_1_153' title='bbox 890 2787 967 2865; x_wconf 92' lang='lat' dir='ltr'>quid</span> <span class='ocrx_word' id='word_1_154' title='bbox 980 2788 1119 2849; x_wconf 87' lang='lat' dir='ltr'>melius?</span> <span class='ocrx_word' id='word_1_155' title='bbox 1140 2790 1220 2867; x_wconf 91' lang='lat' dir='ltr'>quid</span> 
     </span>
     <span class='ocr_line' id='line_1_22' title="bbox 214 2890 1220 2971; baseline 0.001 -17"><span class='ocrx_word' id='word_1_156' title='bbox 214 2893 382 2954; x_wconf 83' lang='lat' dir='ltr'>sanctius?</span> <span class='ocrx_word' id='word_1_157' title='bbox 403 2891 481 2969; x_wconf 91' lang='lat' dir='ltr'>quid</span> <span class='ocrx_word' id='word_1_158' title='bbox 501 2890 536 2950; x_wconf 91' lang='lat' dir='ltr'>in</span> <span class='ocrx_word' id='word_1_159' title='bbox 556 2890 640 2950; x_wconf 92' lang='lat' dir='ltr'>omni</span> <span class='ocrx_word' id='word_1_160' title='bbox 662 2909 774 2967; x_wconf 89' lang='lat' dir='ltr'>genere</span> <span class='ocrx_word' id='word_1_161' title='bbox 794 2890 899 2951; x_wconf 88' lang='lat' dir='ltr'>laudis</span> <span class='ocrx_word' id='word_1_162' title='bbox 913 2893 954 2952; x_wconf 91' lang='lat' dir='ltr'>ad</span> <span class='ocrx_word' id='word_1_163' title='bbox 964 2893 1126 2971; x_wconf 89' lang='lat' dir='ltr'>exemplar</span> <span class='ocrx_word' id='word_1_164' title='bbox 1138 2894 1220 2955; x_wconf 90' lang='lat' dir='ltr'>anti·</span> 
     </span>
     <span class='ocr_line' id='line_1_23' title="bbox 214 2995 1218 3077; baseline 0.004 -20"><span class='ocrx_word' id='word_1_165' title='bbox 214 2997 347 3076; x_wconf 83' lang='lat' dir='ltr'>quitatis</span> <span class='ocrx_word' id='word_1_166' title='bbox 361 2995 567 3076; x_wconf 87' lang='lat' dir='ltr'>expressius?</span> <span class='ocrx_word' id='word_1_167' title='bbox 589 2996 673 3074; x_wconf 93' lang='lat' dir='ltr'>quod</span> <span class='ocrx_word' id='word_1_168' title='bbox 693 2996 773 3056; x_wconf 91' lang='lat' dir='ltr'>mihi</span> <span class='ocrx_word' id='word_1_169' title='bbox 786 2998 947 3074; x_wconf 91' lang='lat' dir='ltr'>cognitum</span> <span class='ocrx_word' id='word_1_170' title='bbox 967 3004 1017 3058; x_wconf 92' lang='lat' dir='ltr'>est</span> <span class='ocrx_word' id='word_1_171' title='bbox 1037 3018 1101 3059; x_wconf 93' lang='lat' dir='ltr'>non</span> <span class='ocrx_word' id='word_1_172' title='bbox 1120 2999 1218 3077; x_wconf 89' lang='lat' dir='ltr'>fama,</span> 
     </span>
     <span class='ocr_line' id='line_1_24' title="bbox 164 3101 1218 3183; baseline 0.009 -25"><span class='ocrx_word' id='word_1_173' title='bbox 164 3111 197 3158; x_wconf 71' lang='lat' dir='ltr'><em>w</em></span> <span class='ocrx_word' id='word_1_174' title='bbox 214 3122 277 3181; x_wconf 91' lang='lat' dir='ltr'>qua</span> <span class='ocrx_word' id='word_1_175' title='bbox 300 3102 420 3180; x_wconf 87' lang='lat' dir='ltr'>alioqui</span> <span class='ocrx_word' id='word_1_176' title='bbox 443 3101 564 3180; x_wconf 90' lang='lat' dir='ltr'>optima</span> <span class='ocrx_word' id='word_1_177' title='bbox 586 3107 619 3162; x_wconf 94' lang='lat' dir='ltr'>et</span> <span class='ocrx_word' id='word_1_178' title='bbox 646 3101 850 3162; x_wconf 86' lang='lat' dir='ltr'>meritissima</span> <span class='ocrx_word' id='word_1_179' title='bbox 878 3102 1005 3177; x_wconf 86' lang='lat' dir='ltr'>fruitur,</span> <span class='ocrx_word' id='word_1_180' title='bbox 1030 3104 1087 3164; x_wconf 91' lang='lat' dir='ltr'>sed</span> <span class='ocrx_word' id='word_1_181' title='bbox 1113 3104 1218 3183; x_wconf 88' lang='lat' dir='ltr'>longis</span> 
     </span>
     <span class='ocr_line' id='line_1_25' title="bbox 213 3205 1255 3285; baseline 0.006 -19"><span class='ocrx_word' id='word_1_182' title='bbox 213 3207 400 3284; x_wconf 82' lang='lat' dir='ltr'>magnisque</span> <span class='ocrx_word' id='word_1_183' title='bbox 420 3205 652 3285; x_wconf 83' lang='lat' dir='ltr'>experimentis</span> <span class='ocrx_word' id='word_1_184' title='bbox 695 3207 770 3267; x_wconf 86' lang='lat' dir='ltr'>Una</span> <span class='ocrx_word' id='word_1_185' title='bbox 783 3206 955 3283; x_wconf 86' lang='lat' dir='ltr'>diligimus,</span> <span class='ocrx_word' id='word_1_186' title='bbox 969 3227 1033 3269; x_wconf 88' lang='lat' dir='ltr'>una</span> <span class='ocrx_word' id='word_1_187' title='bbox 1046 3209 1218 3272; x_wconf 83' lang='lat' dir='ltr'>dileximus</span> <span class='ocrx_word' id='word_1_188' title='bbox 1237 3227 1255 3273; x_wconf 76' lang='lat'>4</span> 
     </span>
     <span class='ocr_line' id='line_1_26' title="bbox 213 3310 1219 3389; baseline 0.005 -17"><span class='ocrx_word' id='word_1_189' title='bbox 213 3330 322 3372; x_wconf 90' lang='lat' dir='ltr'>omnes</span> <span class='ocrx_word' id='word_1_190' title='bbox 335 3311 403 3370; x_wconf 87' lang='lat' dir='ltr'>fere</span> <span class='ocrx_word' id='word_1_191' title='bbox 417 3329 496 3388; x_wconf 91' lang='lat' dir='ltr'>quos</span> <span class='ocrx_word' id='word_1_192' title='bbox 510 3316 597 3371; x_wconf 87' lang='lat' dir='ltr'>aetas</span> <span class='ocrx_word' id='word_1_193' title='bbox 610 3315 719 3371; x_wconf 89' lang='lat' dir='ltr'>nostra</span> <span class='ocrx_word' id='word_1_194' title='bbox 732 3310 767 3370; x_wconf 93' lang='lat' dir='ltr'>in</span> <span class='ocrx_word' id='word_1_195' title='bbox 780 3317 911 3389; x_wconf 88' lang='lat' dir='ltr'>utroque</span> <span class='ocrx_word' id='word_1_196' title='bbox 926 3331 1004 3373; x_wconf 89' lang='lat' dir='ltr'>sexu</span> <span class='ocrx_word' id='word_1_197' title='bbox 1014 3314 1219 3377; x_wconf 87' lang='lat' dir='ltr'>aemulandos</span> 
     </span>
     <span class='ocr_line' id='line_1_27' title="bbox 214 3414 1220 3492; baseline 0.005 -16"><span class='ocrx_word' id='word_1_198' title='bbox 214 3416 308 3491; x_wconf 87' lang='lat' dir='ltr'>tulit;</span> <span class='ocrx_word' id='word_1_199' title='bbox 329 3433 410 3492; x_wconf 87' lang='lat' dir='ltr'>quae</span> <span class='ocrx_word' id='word_1_200' title='bbox 425 3415 557 3476; x_wconf 84' lang='lat' dir='ltr'>societas</span> <span class='ocrx_word' id='word_1_201' title='bbox 571 3414 779 3475; x_wconf 89' lang='lat' dir='ltr'>amicitiarum</span> <span class='ocrx_word' id='word_1_202' title='bbox 795 3415 956 3477; x_wconf 88' lang='lat' dir='ltr'>artissima</span> <span class='ocrx_word' id='word_1_203' title='bbox 975 3437 1034 3478; x_wconf 87' lang='lat' dir='ltr'>nos</span> <span class='ocrx_word' id='word_1_204' title='bbox 1053 3419 1220 3481; x_wconf 85' lang='lat' dir='ltr'>familiari-</span> 
     </span>
     <span class='ocr_line' id='line_1_28' title="bbox 213 3518 1255 3602; baseline 0.001 -21"><span class='ocrx_word' id='word_1_205' title='bbox 213 3526 281 3581; x_wconf 84' lang='lat' dir='ltr'>tate</span> <span class='ocrx_word' id='word_1_206' title='bbox 296 3519 468 3579; x_wconf 84' lang='lat' dir='ltr'>coniunxit.</span> <span class='ocrx_word' id='word_1_207' title='bbox 510 3518 654 3579; x_wconf 75' lang='lat' dir='ltr'>Accessit</span> <span class='ocrx_word' id='word_1_208' title='bbox 673 3518 834 3578; x_wconf 78' lang='lat' dir='ltr'>vinculum</span> <span class='ocrx_word' id='word_1_209' title='bbox 855 3521 1097 3584; x_wconf 84' lang='lat' dir='ltr'>necessitudinis</span> <span class='ocrx_word' id='word_1_210' title='bbox 1119 3524 1255 3602; x_wconf 79' lang='lat' dir='ltr'>publi-o</span> 
     </span>
     <span class='ocr_line' id='line_1_29' title="bbox 164 3622 1220 3706; baseline 0.006 -22"><span class='ocrx_word' id='word_1_211' title='bbox 164 3639 195 3687; x_wconf 68' lang='lat' dir='ltr'>n</span> <span class='ocrx_word' id='word_1_212' title='bbox 214 3643 277 3685; x_wconf 87' lang='lat' dir='ltr'>cae.</span> <span class='ocrx_word' id='word_1_213' title='bbox 319 3623 409 3682; x_wconf 87' lang='lat' dir='ltr'>Idem</span> <span class='ocrx_word' id='word_1_214' title='bbox 423 3623 508 3682; x_wconf 91' lang='lat' dir='ltr'>enim</span> <span class='ocrx_word' id='word_1_215' title='bbox 520 3622 609 3695; x_wconf 89' lang='lat' dir='ltr'>mihi,</span> <span class='ocrx_word' id='word_1_216' title='bbox 623 3628 660 3681; x_wconf 91' lang='lat' dir='ltr'>ut</span> <span class='ocrx_word' id='word_1_217' title='bbox 674 3623 745 3696; x_wconf 88' lang='lat' dir='ltr'>scis,</span> <span class='ocrx_word' id='word_1_218' title='bbox 760 3623 879 3700; x_wconf 86' lang='lat' dir='ltr'>collega</span> <span class='ocrx_word' id='word_1_219' title='bbox 892 3626 984 3703; x_wconf 87' lang='lat' dir='ltr'>quasi</span> <span class='ocrx_word' id='word_1_220' title='bbox 1004 3633 1079 3687; x_wconf 80' lang='lat' dir='ltr'>roto</span> <span class='ocrx_word' id='word_1_221' title='bbox 1097 3628 1220 3706; x_wconf 87' lang='lat' dir='ltr'>petitus</span> 
     </span>
     <span class='ocr_line' id='line_1_30' title="bbox 214 3726 1221 3807; baseline 0.005 -17"><span class='ocrx_word' id='word_1_222' title='bbox 214 3728 250 3790; x_wconf 90' lang='lat' dir='ltr'>iu</span> <span class='ocrx_word' id='word_1_223' title='bbox 269 3727 470 3807; x_wconf 77' lang='lat' dir='ltr'>praefectura</span> <span class='ocrx_word' id='word_1_224' title='bbox 490 3726 605 3786; x_wconf 89' lang='lat' dir='ltr'>aerarii</span> <span class='ocrx_word' id='word_1_225' title='bbox 624 3726 699 3801; x_wconf 89' lang='lat' dir='ltr'>fuit,</span> <span class='ocrx_word' id='word_1_226' title='bbox 719 3727 784 3789; x_wconf 91' lang='lat' dir='ltr'>fuit</span> <span class='ocrx_word' id='word_1_227' title='bbox 805 3734 839 3789; x_wconf 91' lang='lat' dir='ltr'>et</span> <span class='ocrx_word' id='word_1_228' title='bbox 864 3728 899 3789; x_wconf 88' lang='lat' dir='ltr'>in</span> <span class='ocrx_word' id='word_1_229' title='bbox 920 3731 1095 3793; x_wconf 81' lang='lat' dir='ltr'>consulatu</span> <span class='ocrx_word' id='word_1_230' title='bbox 1136 3735 1221 3794; x_wconf 71' lang='lat' dir='ltr'>Tum</span> 
     </span>
    </p>
   </div>
   <div class='ocr_carea' id='block_1_7' title="bbox 0 0 1396 4164">
    <p class='ocr_par' dir='ltr' id='par_1_8' title="bbox 0 0 1396 4164">
     <span class='ocr_line' id='line_1_31' title="bbox 0 0 1396 4164; baseline 0 0"><span class='ocrx_word' id='word_1_231' title='bbox 0 0 1396 4164; x_wconf 95' lang='lat' dir='ltr'> </span> 
     </span>
    </p>
   </div>
  </div>
 </body>
</html>
