2782 4164
213 299 255 364 26
639 310 669 363 c.
690 309 792 361 rnnu

211 481 379 542 admiratio
397 487 439 558 te,
454 481 509 560 qui
526 481 652 557 clamor,
668 482 752 559 quod
772 483 869 542 etiam
890 482 1050 544 silentium
1072 489 1213 561 maneat,

213 606 275 664 quo
299 606 365 663 ego,
390 605 460 646 cum
482 587 552 646 dico
566 586 617 646 vel
635 587 741 661 recito,
757 606 820 646 non
840 587 945 648 minus
967 606 1061 665 quam
1081 587 1216 649 clamore

183 753 185 757 ,
214 691 360 767 delector,
375 691 418 752 sit
432 693 524 751 modo
539 691 700 752 silentium
715 710 785 752 acre
800 698 831 752 et
846 693 1003 752 intentum
1021 698 1053 752 et
1066 693 1216 771 cupidum

213 796 363 856 ulteriora
376 796 534 856 audiendi.
577 797 647 856 Hoc
661 798 769 857 fructu
782 803 881 872 tanto,
896 803 958 856 tem
978 804 1088 875 parato
1108 798 1216 859 desine
1235 810 1251 856 8

178 912 193 958 t
213 901 319 961 studia
339 907 394 960 tua
413 901 539 961 infinita
560 901 623 961 ista
642 902 840 962 cunctatione
859 902 1022 978 fraudare,
1044 921 1124 979 quae
1145 921 1216 962 oum

213 1006 338 1066 modum
359 1007 492 1082 excedit,
507 1007 678 1066 verendum
697 1012 745 1067 est
761 1025 800 1067 ne
818 1007 950 1067 inertiae
965 1012 997 1066 et
1011 1007 1151 1068 desidiae
1166 1008 1216 1067 vel

213 1111 308 1171 etiam
323 1111 506 1171 timiditatis
520 1130 634 1171 nomen
649 1111 789 1190 accipiat.
831 1111 918 1172 Vale.

612 1317 665 1377 24.
696 1314 820 1397 (xm.)

469 1473 499 1524 C.
525 1473 670 1524 PLINIUS
692 1474 820 1526 PRISCO
844 1474 912 1526 SUO
936 1475 962 1527 S.

279 1607 362 1670 Pliny
374 1608 436 1671 beor
446 1609 489 1659 tte
501 1609 610 1658 interest
622 1609 655 1671 os
668 1609 780 1658 Priscus
787 1610 838 1672 sor
853 1606 986 1661 Voconius
997 1610 1146 1662 Romanus.

253 1741 296 1800 Et
310 1739 347 1799 tu
361 1740 536 1800 occasiones
555 1739 715 1817 obligandi
735 1760 785 1800 me
806 1741 987 1802 avidissime
1006 1743 1214 1820 amplecteris,
1235 1754 1249 1799 1

214 1851 246 1904 et
259 1864 316 1920 ego
329 1844 448 1904 nemini
462 1844 613 1905 libentius
628 1845 733 1906 debeo
775 1845 905 1907 Duabus
926 1865 999 1922 ergo
1020 1848 1178 1908 decausis
1197 1868 1216 1909 e
1235 1863 1250 1907 2

166 1967 194 2012 10
214 1957 245 2010 te
266 1950 465 2028 potissimum
483 1956 590 2027 petere
607 1950 758 2010 constitui
773 1952 858 2031 quod
873 1952 1065 2029 inpetratum
1079 1953 1215 2014 maxime

214 2056 313 2133 cupio.
355 2055 452 2130 Regis
474 2055 645 2115 exercitum
667 2056 912 2133 amplissimum:
940 2056 1015 2116 hinc
1042 2057 1102 2116 tibi
1127 2058 1216 2118 bene·

214 2160 355 2220 liciorum
379 2160 467 2235 larga
493 2161 633 2235 materia,
658 2161 784 2238 longum
812 2168 974 2239 praeterea
1000 2168 1126 2239 tempus
1153 2182 1215 2240 quo

214 2264 329 2325 amicos
350 2270 421 2325 tuos
443 2283 591 2325 exornare
616 2265 755 2343 potuisti.
807 2267 994 2328 Convertere
1017 2268 1057 2326 ad
1081 2273 1214 2343 nostros,
1235 2283 1250 2328 3

213 2389 270 2429 neo
294 2370 351 2431 hos
375 2371 499 2430 multos.
543 2370 658 2431 Malles
681 2377 717 2432 tu
744 2371 872 2448 quidem
899 2372 1023 2448 multos,
1050 2373 1105 2433 sed
1129 2391 1215 2432 meae

166 2493 194 2538 15
213 2476 419 2535 verecundiae
440 2475 555 2536 sufficit
575 2495 657 2536 unus
678 2483 733 2536 aut
753 2477 841 2551 alter,
864 2496 899 2537 ac
921 2478 1025 2554 potius
1047 2498 1137 2538 unus.
1180 2477 1214 2537 Is

213 2580 274 2640 erit
300 2581 456 2642 Voconius
484 2582 653 2642 Romanus.
709 2583 804 2641 Pater
832 2583 862 2641 ei
889 2583 923 2641 in
951 2583 1088 2660 equestri
1116 2583 1250 2659 gradu4

213 2687 325 2761 clarus,
341 2685 454 2746 clarior
468 2686 610 2762 vitricus,
624 2685 720 2746 immo
734 2693 824 2764 peter
838 2668 936 2749 alius:
960 2708 1032 2748 nam
1050 2688 1123 2747 huio
1143 2707 1215 2766 quo

213 2810 273 2869 que
292 2791 411 2850 nomini
430 2791 547 2869 pietate
566 2792 723 2852 successit.
767 2794 871 2852 Mater
892 2813 908 2852 e
929 2793 1039 2871 primis
1060 2792 1214 2853 citerioris

213 2896 405 2974 Hispaniae:
429 2897 489 2957 scis
511 2897 595 2974 quod
615 2896 765 2956 iudicium
784 2899 964 2975 provinciae
984 2899 1079 2973 illius,
1095 2904 1215 2975 quanta

163 3019 193 3064 20
213 3002 256 3061 sit
283 3002 428 3078 gravitas.
484 3003 614 3061 Flamen
642 3003 782 3080 proxime
811 3003 883 3062 fuit.
933 3004 1026 3063 Hunc
1054 3023 1119 3080 ego,
1143 3015 1249 3063 cumo

213 3106 306 3165 simul
328 3108 533 3182 studeremus,
548 3113 615 3167 erte
630 3107 892 3185 familiariterque
912 3108 1027 3168 dilexi:
1050 3107 1105 3168 ille
1126 3127 1213 3168 meus

211 3211 246 3269 iu
259 3212 344 3287 urbe,
360 3212 414 3271 ille
428 3212 461 3271 iu
476 3231 600 3273 secessu
616 3213 856 3287 contubernalis,
872 3232 942 3272 oum
961 3214 1019 3272 hoc
1039 3214 1128 3287 seria,
1143 3233 1214 3273 oum

211 3316 270 3375 hoc
290 3316 373 3376 iocos
395 3317 515 3376 miscui.
558 3317 640 3387 Quid
658 3317 742 3376 enim
761 3317 817 3376 illo
835 3324 889 3377 aut
903 3318 1027 3377 fidelius
1047 3318 1146 3377 amico
1160 3325 1215 3378 aut
1234 3332 1249 3376 6

213 3421 318 3481 sodale
340 3421 533 3481 iucundius?
574 3423 658 3482 Mira
679 3422 712 3481 in
732 3441 881 3497 sermone,
897 3423 977 3482 mira
995 3423 1089 3482 etiam
1110 3423 1214 3482 inore

162 3546 192 3592 25
212 3527 280 3602 ipso
296 3526 448 3604 vultuque
463 3527 610 3587 suavitas.
654 3528 706 3587 Ad
720 3528 778 3587 hoc
793 3528 952 3603 ingenium
969 3527 1134 3603 excelsum,
1147 3529 1215 3587 suli
1234 3541 1247 3586 r

211 3629 277 3704 tile,
293 3631 392 3705 dulce,
410 3632 514 3705 facile,
535 3633 692 3691 eruditum
714 3633 747 3690 in
769 3633 872 3693 causis
894 3632 1039 3707 agendis:
1063 3632 1213 3709 epistulas

212 3735 339 3813 quidem
351 3736 468 3812 scribit,
480 3743 516 3795 ut
527 3738 635 3796 Musas
647 3737 732 3815 ipsas
744 3736 857 3796 Latine
871 3736 957 3814 loqui
968 3736 1085 3796 credas.
1123 3736 1216 3797 Ama
1234 3749 1249 3794 8
