2782 4164
500 837 644 904 LIBER
676 838 935 905 SECUNDUS.

644 1077 698 1140 ra
728 1074 782 1159 (Ι.)

452 1233 482 1286 C.
508 1234 654 1285 PLINIUS
677 1235 832 1287 ROMANO
856 1236 924 1288 SUO
948 1237 975 1289 S.

508 1382 596 1433 Deott
614 1382 647 1445 os
664 1379 810 1446 Verginius
824 1383 922 1446 Rufus.

253 1528 331 1588 Post
357 1527 480 1604 aliquot
507 1545 605 1587 annos
632 1526 756 1604 insigne
784 1534 877 1606 atque
898 1529 994 1589 etiam
1015 1531 1250 1592 memorabiler

213 1631 323 1712 populi
350 1631 485 1692 Romani
514 1631 613 1693 oculis
642 1633 855 1710 spectaculum
883 1634 1028 1694 exhibuit
1054 1635 1216 1714 publicum

213 1737 309 1797 funus
330 1736 461 1811 Vergini
482 1735 566 1811 Rufi,
583 1736 713 1796 maximi
735 1743 766 1797 et
787 1737 953 1799 clarissimi
975 1739 1063 1815 civis,
1085 1740 1216 1818 perinde

213 1841 324 1902 felicis.
367 1841 513 1917 Triginta
540 1841 631 1901 annis
660 1841 776 1917 gloriae
802 1861 875 1902 suae
897 1843 1080 1921 supervixit.
1123 1845 1251 1922 Legita

177 1953 192 1999 δ
213 1946 331 2024 scripta
349 1946 388 2006 de
406 1964 438 2006 se
457 1945 605 2021 carmina,
620 1945 699 2021 legit
719 1946 867 2007 historias
889 1953 920 2006 et
941 1949 1120 2026 posteritati
1142 1969 1215 2010 suae

212 2050 367 2111 interfuit.
409 2050 601 2110 Perfunctus
623 2056 671 2110 est
691 2051 784 2110 tertio
806 2051 978 2127 consulatu,
1000 2059 1036 2113 ut
1060 2073 1215 2114 summum

212 2156 376 2231 fastigium
391 2155 508 2233 privati
522 2153 660 2214 hominis
675 2154 829 2232 impleret,
845 2174 916 2215 oum
931 2157 1083 2237 principis
1101 2159 1216 2220 noluis-

213 2267 268 2322 set.
325 2261 473 2321 Caesares
501 2259 616 2336 quibus
645 2265 807 2337 suspectus
837 2266 931 2338 atque
963 2262 1058 2322 etiam
1093 2263 1250 2325 invisusa

211 2365 382 2425 virtutibus
418 2364 522 2424 fuerat
553 2363 663 2439 evasit,
691 2364 820 2442 reliquit
847 2365 1034 2426 incolumem
1061 2368 1215 2446 optimum

163 2480 192 2529 10
212 2476 306 2548 atque
328 2470 561 2545 amicissimum,
583 2475 741 2547 tamquam
773 2470 813 2530 ad
835 2469 919 2530 hunc
940 2471 1044 2549 ipsum
1065 2473 1215 2533 honorem

211 2574 330 2654 publici
357 2574 479 2636 funeris
506 2580 692 2637 reservatus.
735 2575 863 2635 Annum
890 2577 1020 2636 tertium
1044 2582 1076 2636 et
1100 2582 1252 2655 octoge4

212 2679 326 2740 simum
348 2677 483 2738 excessit
504 2676 538 2736 in
563 2677 719 2737 altissima
739 2676 979 2754 tranquillitate,
1001 2678 1071 2755 pari
1092 2698 1215 2739 venera

211 2784 305 2844 tione.
349 2785 435 2846 Usus
457 2789 505 2843 est
523 2782 615 2843 firma
629 2781 818 2856 valetudine,
833 2781 897 2842 nisi
917 2783 1001 2859 quod
1023 2782 1164 2844 solebant
1185 2784 1215 2843 ei

211 2908 322 2949 manus
349 2893 492 2962 tremere,
517 2887 597 2947 citra
624 2886 762 2946 dolorem
789 2892 903 2945 tamen.
946 2886 1062 2947 Aditus
1090 2893 1215 2948 tantum

162 3006 192 3055 15
211 2994 321 3053 mortis
343 2993 450 3053 durior
466 2992 658 3069 longiorque,
675 2992 730 3051 sed
750 2991 802 3050 hic
823 2990 891 3069 ipse
911 2991 1088 3053 laudabilis.
1131 2993 1214 3052 Nam
1235 3008 1250 3053 c

211 3117 282 3158 cum
309 3117 415 3158 vocem
444 3102 644 3176 praepararet
672 3104 798 3156 acturus
826 3095 860 3154 in
888 3096 1052 3155 consulatu
1080 3095 1215 3175 principi

212 3203 338 3280 gratias,
360 3203 440 3264 liber
461 3221 553 3281 quem
578 3201 660 3261 forte
689 3204 851 3278 acceperat
879 3201 1074 3276 grandiorem
1095 3207 1127 3260 et
1148 3202 1215 3262 seni

212 3313 244 3368 et
259 3307 358 3368 stanti
372 3308 441 3385 ipso
456 3308 593 3386 pondere
612 3307 737 3383 elapsus
759 3311 815 3365 est.
859 3305 954 3364 Hunc
976 3305 1051 3364 dum
1072 3306 1215 3384 sequitur

212 3412 403 3489 colligitque,
425 3432 481 3490 per
508 3411 577 3472 leve
605 3418 638 3471 et
665 3410 819 3470 lubricum
846 3409 1062 3487 pavimentum
1083 3410 1215 3471 fallente

162 3533 193 3578 ao
211 3517 345 3592 vestigio
366 3517 481 3576 cecidit
501 3534 671 3594 coxamque
687 3515 792 3590 fregit,
807 3533 887 3591 quae
901 3534 1012 3592 parum
1033 3521 1105 3592 apte
1126 3515 1217 3575 collo

212 3627 282 3680 cata
306 3621 479 3681 reluctante
501 3626 604 3681 aetate
625 3619 707 3679 male
727 3619 810 3679 coiit.
854 3619 960 3679 Huius
981 3619 1042 3678 viri
1064 3620 1215 3697 exequiae
1235 3636 1251 3681 6

212 3743 359 3801 magnum
374 3730 591 3787 ornamentum
606 3724 750 3804 principi,
762 3742 909 3799 magnum
924 3724 1056 3800 saeculo,
1068 3742 1216 3803 magnum
