2782 4164
153 301 197 363 30
582 313 615 364 c.
634 312 734 362 rnnu

152 484 238 543 reris
251 484 386 560 gratiam
400 483 507 557 villae,
521 484 789 561 opportunitatem
803 485 874 559 loci,
888 485 992 546 litoris
1008 488 1157 565 spatium

150 590 323 647 Decem-et
344 595 465 665 septem
487 588 617 647 milibus
637 608 786 666 passuum
807 591 847 648 ab
867 592 943 650 urbe
964 593 1105 666 secessit,
1121 600 1194 653 ut²

151 694 289 771 peractis
303 712 384 770 quae
398 694 519 768 agenda
535 694 655 752 fuerint
674 693 763 752 salvo
780 695 843 753 iam
864 702 896 754 et
916 698 1092 774 composito
1104 699 1158 757 die

151 798 255 876 possis
272 799 318 857 ibi
334 816 469 856 manere.
511 798 630 856 Aditur
643 817 707 856 uon
722 818 785 858 una
799 800 866 874 via,
888 819 961 859 nam
975 808 1007 861 et
1021 803 1158 862 Lauren·

115 915 133 960 5
151 905 221 962 tina
238 910 271 962 et
290 903 447 963 Ostiensis
464 903 573 961 eodem
592 903 710 977 ferunt,
725 905 781 962 sed
796 905 991 964 Laurentina
1008 925 1028 965 a
1044 915 1158 983 quarto

150 1009 274 1068 decimo
293 1007 410 1085 lapide,
432 1007 588 1067 Ostiensis
609 1008 649 1066 ab
672 1009 838 1067 undecimo
862 1010 1070 1087 relinquenda
1097 1020 1156 1072 est.

151 1114 322 1190 Utrimque
337 1113 455 1189 excipit
472 1112 533 1170 iter
552 1112 659 1189 aliqua
671 1131 710 1170 ex
724 1120 814 1190 parte
827 1114 1024 1190 harenosum,
1038 1117 1157 1178 iunctis

150 1218 246 1296 paulo
266 1219 393 1293 gravius
414 1224 447 1276 et
467 1217 602 1291 longius,
623 1236 705 1294 equo
728 1218 822 1278 breve
846 1226 879 1278 et
903 1221 1005 1280 molle.
1058 1223 1193 1282 Varias

149 1322 224 1382 hinc
247 1330 344 1400 atque
368 1323 442 1380 inde
462 1322 579 1380 facies:
606 1341 680 1380 nam
700 1323 792 1381 modo
812 1327 1047 1386 occurrentibus
1063 1327 1157 1388 silvis

101 1439 132 1485 ιο
149 1429 204 1487 via
216 1435 385 1500 coartatur,
400 1427 493 1485 modo
508 1425 675 1486 latissimis
690 1428 790 1503 pratis
805 1428 996 1489 diffunditur
1009 1438 1041 1490 et
1055 1438 1157 1509 pates·

149 1532 217 1607 cit,
258 1531 352 1590 multi
386 1549 495 1606 greges
531 1530 647 1605 ovium,
675 1531 776 1593 multa
804 1533 848 1591 ibi
876 1552 1026 1610 equorum
1060 1537 1156 1597 boum

149 1643 301 1709 armenta,
316 1654 397 1713 quae
417 1635 576 1694 montibus
596 1635 699 1694 hieme
720 1636 852 1714 depulsa
871 1637 977 1698 herbis
995 1647 1027 1699 et
1045 1648 1156 1719 tepore

149 1761 247 1800 verno
273 1741 442 1799 nitescunt.
498 1739 584 1798 Villa
612 1740 721 1800 usibus
748 1760 856 1818 capax,
880 1762 943 1801 non
970 1753 1157 1823 sumptuosa

148 1846 259 1906 tutela
309 1845 408 1906 Cuius
432 1844 465 1902 in
489 1845 590 1921 prima
615 1852 703 1921 parte
724 1847 839 1904 atrium
861 1847 947 1923 frugi
969 1868 1026 1908 nec
1046 1857 1156 1912 tamen
1175 1864 1192 1908 4

99 1965 129 2009 1⁵
149 1951 322 2023 sordidum,
343 1949 457 2008 deinde
486 1949 626 2025 porticus
650 1949 684 2006 in
706 1950 737 2007 D
760 1950 884 2009 litterae
910 1953 1154 2016 similitudinem

148 2057 365 2127 circumactae,
379 2053 494 2130 quibus
515 2053 645 2129 parvola
666 2053 720 2112 sed
741 2054 858 2113 festiva
877 2074 949 2115 area
968 2058 1152 2121 includitur.

148 2160 318 2235 Egregium
335 2158 396 2216 hae
414 2158 566 2216 adversus
586 2164 790 2233 tempestates
808 2162 1056 2237 receptaculum:
1077 2185 1153 2225 nam

147 2263 364 2341 specularibus
377 2281 414 2321 ac
425 2261 526 2320 multo
539 2262 640 2337 magis
651 2262 887 2323 imminentibus
902 2267 994 2326 tectis
1008 2270 1155 2330 muniun-

146 2376 208 2428 tur.
250 2369 310 2427 Est
320 2374 430 2426 contra
441 2366 561 2424 medias
572 2367 753 2424 cavaedium
768 2367 878 2439 hilare,
891 2389 961 2428 mox
977 2371 1153 2434 triclinium
1173 2390 1190 2434 5

96 2487 128 2532 a)
146 2474 226 2533 satis
237 2472 413 2549 pulchrum,
424 2471 508 2546 quod
519 2471 553 2527 in
565 2470 641 2528 litus
652 2471 797 2542 excurrit,
810 2491 845 2530 ac
859 2473 886 2531 si
901 2477 1027 2550 qnando
1040 2478 1154 2540 Africo

146 2596 232 2636 mare
247 2576 407 2654 inpulsum
416 2582 475 2648 est,
484 2575 596 2633 fractis
607 2575 668 2632 iam
681 2582 712 2632 et
723 2577 903 2636 novissimis
914 2578 1062 2640 fluctibus
1077 2583 1154 2643 levi-

145 2689 195 2742 ter
209 2681 357 2740 adluitur.
401 2679 551 2755 Undique
565 2678 674 2737 valvas
688 2686 742 2736 aut
756 2680 912 2740 fenestras
931 2703 993 2742 nou
1015 2687 1152 2749 minores

144 2787 248 2846 valvis
258 2785 364 2858 habet,
374 2792 468 2860 atque
479 2784 525 2842 ita
537 2801 555 2840 a
566 2783 717 2842 lateribus
728 2802 746 2841 a
756 2785 861 2843 fronte
872 2789 961 2863 quasi
974 2790 1037 2848 tria
1051 2793 1153 2852 maria

145 2897 342 2968 prospectat3
364 2908 382 2947 a
396 2895 485 2963 tergo
495 2888 687 2959 cavaedium,
699 2888 862 2963 porticum,
872 2910 984 2965 aream,
994 2896 1151 2970 porticum

95 3010 126 3055 m
146 3015 262 3067 rursus,
278 3013 351 3052 mox
365 2993 491 3065 atrium,
507 2992 604 3050 silvas
619 2998 650 3049 et
664 2992 852 3069 longinquos
870 2997 996 3073 respicit
1017 3008 1149 3063 montes

144 3100 252 3158 Huius
271 3118 290 3157 a
310 3098 401 3156 laeva
423 3096 589 3155 retractius
613 3096 707 3172 paulo
729 3096 905 3157 cubiculum
929 3109 977 3160 est
999 3105 1150 3182 amplum,
1171 3114 1188 3159 6

145 3204 258 3263 deinde
281 3202 367 3260 aliud
388 3202 502 3273 minus,
517 3200 601 3277 qnod
619 3200 718 3259 altera
737 3201 876 3261 fenestra
895 3205 1037 3266 admittit
1052 3211 1152 3271 orien-

144 3315 218 3380 tem,
242 3308 433 3365 occidentem
461 3306 561 3364 altera
584 3305 707 3377 retinet,
730 3304 787 3363 hac
813 3313 844 3365 et
873 3309 1036 3372 subiacens
1064 3335 1150 3376 mare

144 3412 270 3488 lougius
284 3412 411 3488 quidem
427 3411 481 3469 sed
497 3410 635 3468 securius
655 3409 804 3468 intuetur.
847 3413 952 3473 Huius
967 3417 1104 3478 cubiculi
1118 3428 1151 3481 et
1172 3434 1185 3479 t

95 3535 126 3580 a)
144 3517 277 3574 triclinii
290 3516 379 3574 illius
398 3515 523 3573 obiectu
538 3514 710 3571 includitur
725 3515 866 3588 angulus,
877 3518 931 3594 qui
946 3522 1150 3596 purissimum

145 3621 242 3680 solem
253 3621 394 3678 continet
405 3626 436 3676 et
451 3619 602 3677 accendit.
645 3619 714 3676 Hoc
726 3617 971 3695 hibernacidum,
983 3625 1041 3685 hoc
1053 3629 1151 3690 etiam

144 3724 343 3803 gymnasium
364 3742 503 3781 meorum
520 3728 582 3782 est:
604 3721 649 3781 ibi
667 3740 774 3781 omnes
791 3723 888 3784 silent
906 3729 993 3787 venti
1009 3735 1152 3811 exceptis
