2782 4164
505 299 769 352 EPISTULARUM
791 300 841 351 VI.
863 299 904 353 16.

602 538 655 602 ro.
683 537 799 617 (xvi.)

451 695 482 749 0.
507 696 652 748 PLINIUS
675 696 809 748 TACITO
832 696 901 748 SUO
924 696 950 747 S.

242 830 312 894 How
329 843 413 906 Pliny
429 843 472 896 tlte
490 844 575 894 Elder
586 843 713 907 penaten
730 844 760 893 in
778 844 820 894 tte
838 845 961 905 morton
978 844 1011 907 os
1028 841 1164 894 Vesuvius.

163 1006 179 1052 1
242 989 332 1050 Petis
345 995 382 1049 ut
395 989 456 1049 tibi
476 988 624 1049 avunculi
644 990 707 1048 mei
725 989 847 1048 exitum
867 989 1010 1064 scribam,
1025 1007 1087 1065 quo
1101 988 1206 1048 verius

199 1094 326 1155 tradere
343 1093 477 1172 posteris
499 1094 610 1172 possis.
653 1094 780 1155 Gratias
802 1113 875 1169 ago:
904 1112 977 1153 nam
998 1093 1091 1153 video
1111 1093 1205 1152 morti

200 1199 279 1275 eius,
294 1199 324 1260 si
337 1198 511 1259 celebretur
524 1218 544 1259 a
557 1204 599 1275 te,
614 1198 812 1259 inmortalem
828 1197 959 1274 gloriam
981 1216 1048 1259 esse
1069 1197 1206 1277 proposi·

163 1323 181 1370 a
200 1310 276 1365 tam.
318 1303 468 1375 Quamvis
483 1304 566 1364 enim
582 1304 863 1382 pulcherrimarum
883 1302 971 1363 clade
991 1309 1155 1379 terrarum,
1170 1308 1206 1362 ut

200 1408 321 1487 populi,
335 1413 372 1468 ut
388 1409 491 1483 urbes,
506 1408 701 1469 memorabili
721 1427 796 1469 casu
816 1409 907 1486 quasi
928 1427 1050 1486 semper
1064 1408 1205 1468 victurus
1225 1420 1240 1466 t

201 1512 361 1589 occiderit,
376 1513 520 1591 quamvis
534 1513 602 1591 ipse
616 1513 753 1591 plurima
769 1532 863 1591 opera
883 1519 916 1573 et
936 1532 1083 1573 mansura
1103 1513 1207 1573 condi-

201 1618 302 1694 derit3
324 1617 460 1678 multum
469 1625 575 1678 tamen
587 1619 791 1695 perpetuitati
803 1619 870 1678 eius
881 1619 1069 1696 scriptorum
1080 1624 1204 1678 tuorum

166 1745 184 1791 s
202 1723 373 1784 aeternitas
395 1723 498 1783 addet
541 1723 696 1800 Equidem
717 1723 824 1782 beatos
846 1729 923 1800 puto
945 1724 1057 1800 quibus
1079 1723 1207 1782 deorum

202 1845 331 1888 munere
365 1827 474 1888 datum
508 1833 557 1888 est
585 1833 640 1888 aut
667 1828 771 1887 facere
799 1828 963 1888 scribenda
989 1834 1045 1888 aut
1072 1827 1206 1888 scribere

202 1932 345 2010 legenda,
360 1932 558 1993 beatissimos
580 1951 654 1992 vero
675 1933 789 2009 quibus
810 1939 986 2010 utrumque.
1029 1933 1151 1992 Horum
1173 1934 1206 1992 in
1227 1948 1255 1993 1o

202 2058 333 2099 numero
354 2038 527 2099 avunculus
548 2057 636 2098 meus
658 2044 690 2097 et
711 2038 777 2098 suis
798 2038 888 2098 libris
903 2044 936 2098 et
949 2039 1013 2099 tuis
1028 2039 1096 2098 erit.
1139 2040 1207 2109 Quo

168 2143 354 2205 clibentius
382 2142 528 2221 suscipio,
551 2144 683 2220 deposco
711 2144 806 2202 etiam
828 2144 911 2219 quod
939 2144 1086 2219 iniungis.
1129 2145 1207 2204 Erat

205 2249 323 2309 Miseni
347 2247 541 2325 classemque
569 2248 700 2325 imperio
728 2266 876 2324 praesens
903 2250 1037 2326 regebat.
1080 2249 1205 2308 Nonum

205 2353 277 2414 Kal.
302 2353 508 2430 Septembres,
528 2353 606 2412 bora
625 2353 692 2412 fere
714 2353 857 2430 septima,
879 2359 977 2412 mater
998 2372 1068 2413 mea
1088 2354 1208 2413 indicat

205 2458 235 2517 ei
256 2476 406 2536 apparere
433 2457 547 2516 nubem
575 2457 729 2517 inusitata
750 2463 782 2516 et
802 2458 1018 2533 magnitudine
1041 2464 1074 2518 et
1095 2459 1205 2536 specie.
1228 2468 1256 2513 15

169 2579 185 2626 o
206 2565 293 2624 Usus
314 2561 369 2621 ille
391 2561 464 2636 sole,
481 2580 553 2621 mox
573 2561 700 2637 frigida,
723 2568 905 2637 gustaverat
926 2563 1029 2624 iacens
1051 2564 1208 2623 studebat

206 2686 282 2745 que:
305 2667 407 2745 poscit
421 2666 531 2741 soleas,
547 2667 688 2726 ascendit
703 2666 804 2726 locum
827 2686 867 2726 ex
880 2686 942 2744 quo
963 2667 1098 2728 maxime
1118 2668 1209 2727 mira

205 2772 311 2833 culum
335 2772 415 2830 illud
444 2771 582 2848 conspici
611 2777 742 2848 poterat.
784 2772 903 2846 Nubes,
925 2772 1078 2832 incertum
1101 2772 1207 2850 procul

206 2876 401 2937 intuentibus
416 2894 455 2935 ex
470 2894 531 2952 quo
546 2882 651 2934 monte
669 2876 855 2954 (Vesuvium
868 2876 968 2937 fuisse
982 2884 1092 2954 postea
1108 2878 1209 2952 cogni-

205 2987 274 3041 tum
295 2983 367 3062 est),
382 2980 549 3054 oriebatur,
568 2979 655 3040 cuius
677 2980 918 3040 similitudinem
939 2987 972 3041 et
993 2985 1124 3042 formam
1146 3001 1208 3041 non
1227 2992 1255 3037 ac

170 3100 187 3146 6
206 3085 270 3146 alia
290 3085 389 3162 magis
411 3085 500 3144 arbor
524 3103 616 3162 quam
637 3084 730 3162 pinus
752 3088 948 3162 expresserit.
992 3087 1075 3146 Nam
1096 3087 1210 3162 longis·

207 3191 286 3252 simo
301 3191 388 3250 velut
402 3195 513 3248 trunco
528 3189 612 3248 elata
625 3188 659 3248 in
673 3188 772 3248 altum
788 3190 973 3266 quibusdam
988 3192 1082 3252 ramis
1097 3192 1210 3252 diffun-

207 3296 347 3370 debatur,
359 3295 460 3369 oredo,
473 3295 547 3371 quia
557 3295 675 3354 recenti
688 3295 801 3372 spiritu
817 3302 933 3369 evecta,
946 3297 1019 3356 dein
1031 3303 1210 3358 senescente

207 3419 243 3461 eo
258 3401 411 3461 destituta
426 3405 481 3458 aut
498 3398 593 3458 etiam
615 3400 751 3476 pondere
774 3419 829 3458 suo
849 3401 934 3460 victa
955 3401 989 3460 in
1010 3401 1211 3461 latitudinem

205 3504 411 3580 vanescebat3
431 3503 564 3563 candida
578 3503 744 3577 interdum,
756 3504 913 3564 interdum
926 3506 1051 3565 sordida
1065 3512 1097 3566 et
1112 3526 1211 3566 macu-
1229 3516 1257 3562 an

170 3620 186 3668 '1
206 3610 282 3685 losa,
298 3615 393 3688 prout
416 3615 532 3668 terram
554 3607 729 3667 cineremve
751 3610 930 3670 sustulerat.
974 3612 1124 3686 Magnum
1145 3630 1212 3688 pro

205 3715 340 3794 piusque
361 3701 560 3786 n'oscendum,
581 3718 618 3771 ut
640 3713 853 3774 eruditissimo
872 3715 948 3787 viro,
963 3715 1075 3775 visum.
1119 3716 1211 3775 Iubet
