2782 4164
537 282 800 334 usurumsun
824 283 857 334 v,
879 283 902 334 1.
1180 268 1223 334 69

215 453 375 515 sententia
394 454 556 515 ‘videtur'
579 455 717 532 inquam,
741 455 902 530 ‘Curiana
924 461 1025 514 mater
1046 460 1102 514 tua
1122 454 1221 514 iustas

214 559 363 620 habuisse
377 579 487 621 causas
502 560 658 621 irascendi
674 560 753 620 tibi'
794 561 872 620 Post
883 560 940 620 hoc
955 559 1009 618 ille
1024 579 1094 619 cum
1109 559 1221 619 ceteris

215 664 638 742 subscripsitcentumvirale
648 665 809 740 iudicium,
820 685 882 724 non
892 664 1079 742 subscripsit
1090 682 1218 723 mecum.

179 785 195 832 '1
214 767 396 847 Adpetebat
409 769 520 830 iudicii
531 770 613 831 dies:
632 770 800 830 coheredes
815 771 877 830 mei
891 789 1065 848 conponere
1080 774 1112 828 et
1123 775 1221 828 trans

214 873 300 951 igere
324 874 502 953 cupiebant,
526 895 588 935 non
613 875 790 935 diffidentia
814 893 925 935 causae
950 875 1006 935 sed
1031 880 1118 933 metu
1146 879 1254 933 tem-o

213 997 335 1056 porum.
377 979 576 1041 Verebantur
597 981 682 1058 quod
703 981 853 1040 videbant
874 979 983 1038 multis
1004 979 1163 1053 accidisse,
1180 997 1219 1038 nc

179 1101 254 1146 sex
281 1085 501 1144 centumvirali
530 1085 647 1145 iudicio
674 1086 789 1164 capitis
813 1085 858 1145 rei
882 1084 1012 1144 exirent.
1065 1085 1107 1142 Et
1130 1089 1219 1143 erant

214 1188 345 1266 quidam
372 1189 407 1249 in
434 1189 500 1250 illis
529 1190 643 1267 quibus
671 1191 753 1250 obici
781 1196 813 1250 11
840 1189 996 1250 Gratillae
1021 1188 1160 1248 amicitia
1187 1194 1220 1248 ct

213 1293 341 1353 Rustici
368 1299 482 1372 posset.
538 1295 664 1371 Rogant
698 1314 747 1354 me
775 1301 810 1354 111
838 1313 907 1354 cum
936 1295 1072 1355 Curiano
1099 1293 1217 1370 loquar.

178 1398 427 1462 econvenimus
448 1399 482 1458 in
503 1400 611 1459 aedem
632 1400 830 1461 Concordiae.
883 1400 934 1460 lbi
956 1418 1012 1474 ego
1036 1399 1080 1459 ‘si
1101 1399 1218 1458 matcr'
1240 1414 1268 1459 ro

213 1503 345 1581 inquam
370 1509 418 1564 ‘te
443 1510 594 1583 exparte
619 1511 732 1583 quarte
757 1504 935 1583 scripsisset
962 1504 1119 1578 heredem,
1144 1523 1219 1563 num

214 1607 305 1684 queri
326 1611 461 1687 posses?
503 1609 584 1680 Quid
606 1610 633 1670 si
654 1610 800 1669 heredem
822 1610 948 1686 quidem
969 1610 1161 1669 instituisset
1180 1628 1219 1668 ex

214 1731 294 1788 asse,
309 1712 365 1774 sed
383 1713 496 1790 legatis
517 1715 563 1774 111
585 1714 782 1775 exhausisset
799 1720 836 1773 ut
855 1734 917 1773 non
936 1715 1069 1792 amplius
1090 1714 1173 1791 apud
1187 1720 1218 1774 11

214 1837 310 1896 quam
330 1825 444 1896 quarta
464 1823 663 1880 remaneret?
705 1819 808 1895 Igitur
830 1819 969 1879 sufficere
991 1819 1049 1878 tibi
1072 1820 1172 1894 debet,
1191 1819 1218 1878 si

215 1923 422 1985 exheredatus
444 1943 464 1984 a
483 1932 583 1994 1111111
603 1930 747 2001 quartam
764 1931 884 2001 partem
906 1925 945 1984 ab
966 1924 1134 1983 heredibus
1152 1923 1218 1983 eius
1240 1940 1268 1985 15

164 2043 195 2090 10
214 2028 360 2107 accipias,
376 2049 471 2107 quam
484 2036 590 2090 tamen
607 2049 663 2106 ego
680 2031 806 2105 augebo.
851 2031 918 2090 Scis
938 2035 968 2088 11
986 2049 1049 2089 non
1067 2030 1220 2107 subscrip

215 2133 295 2194 sisse
309 2153 431 2194 mecum
446 2141 478 2195 et
495 2135 557 2195 iam
572 2135 733 2196 biennium
751 2135 902 2194 transisse
917 2135 1081 2210 omniaque
1096 2153 1145 2193 me
1159 2154 1219 2193 usu

215 2238 344 2317 cepisse.
389 2241 450 2301 Sed
469 2245 504 2299 ut
520 2244 552 2299 te
570 2239 735 2299 coheredes
756 2240 817 2298 mei
837 2240 1082 2299 tractabiliorem
1101 2239 1219 2316 experi-

216 2350 309 2404 antur
329 2350 427 2423 utque
447 2344 507 2404 tibi
535 2345 615 2404 nihil
644 2344 811 2405 abstulerit
834 2345 1010 2404 reverentia
1030 2344 1100 2418 mei,
1123 2345 1219 2404 offero

164 2467 194 2514 11
215 2468 272 2527 pro
289 2469 360 2510 mea
377 2455 467 2529 parte
486 2451 691 2510 tantundem!
734 2450 807 2508 Tuli
822 2449 960 2508 fructum
982 2469 1045 2508 non
1065 2450 1220 2510 conscien·
1239 2462 1268 2508 1ο

216 2554 280 2614 tiae
296 2555 387 2614 modo
407 2574 515 2614 verum
532 2556 627 2615 etiam
647 2556 759 2614 famae.
802 2555 863 2613 Ille
885 2573 956 2629 crgo
971 2555 1125 2615 Curianus
1140 2555 1220 2629 lega

215 2664 283 2718 tum
304 2660 384 2719 mihi
405 2660 535 2736 reliquit
557 2665 588 2719 11
609 2661 729 2719 factum
750 2678 862 2734 meum,
885 2659 946 2718 nisi
968 2659 1050 2718 forte
1075 2658 1220 2719 blandior

164 2781 195 2827 12
215 2763 305 2838 mihi,
337 2764 475 2824 anticum
510 2764 644 2825 notabili
678 2765 794 2824 honore
831 2763 974 2838 signavit.
1038 2764 1126 2823 Haec
1160 2764 1219 2823 tibi

216 2869 337 2947 scripsi,
353 2871 429 2948 quia
446 2871 485 2930 de
507 2871 650 2930 omnibus
676 2889 754 2946 quae
775 2888 824 2928 me
847 2868 897 2927 vel
919 2869 1077 2928 delectant
1097 2868 1148 2927 vel
1170 2888 1221 2928 an-

216 2979 295 3050 gunt
309 2993 372 3034 nou
389 2975 482 3034 aliter
499 2980 602 3034 tecum
618 2993 711 3051 quam
729 2993 850 3033 mecum
868 2973 955 3050 loqui
974 2972 1073 3048 soleo;
1096 2974 1218 3047 deinde,
1240 2990 1268 3034 25

216 3079 301 3156 quod
319 3079 432 3139 durum
446 3079 665 3139 existimabam
679 3084 712 3137 11
727 3077 976 3138 amantissimum
997 3077 1058 3136 mei
1073 3077 1219 3136 fraudare

165 3203 196 3250 13
216 3183 378 3261 voluptate
400 3203 494 3261 quam
515 3184 583 3262 ipse
606 3183 776 3261 capiebam.
820 3182 932 3258 Neque
954 3181 1038 3240 enim
1063 3201 1132 3242 sum
1155 3188 1220 3241 tam

216 3287 342 3366 sapiens
361 3293 398 3347 ut
417 3288 498 3347 nihil
515 3307 586 3347 mea
601 3287 729 3348 intersit
745 3307 784 3346 an
804 3286 849 3346 eis
867 3305 946 3363 quae
961 3286 1091 3346 honeste
1108 3287 1220 3346 fecisse

215 3412 267 3452 mc
281 3393 372 3453 credo
383 3392 564 3454 testificatio
579 3393 733 3470 quaedam
745 3399 776 3452 et
791 3391 881 3469 quasi
895 3390 1069 3468 praemium
1084 3392 1218 3451 socedat.

217 3496 306 3558 Vale.
