2782 4164
466 292 728 345 srrsruuauun
751 291 799 342 vr.
817 290 856 343 ιο.
1120 281 1161 348 85

157 467 240 526 Tum
255 485 288 527 se
302 464 402 544 quieti
416 465 514 542 dedit,
528 473 561 527 et
575 466 697 544 quievit
712 465 875 526 verissimo
895 465 1022 542 quidem
1043 484 1159 526 somno.

156 571 242 632 Nam
256 576 379 632 meatus
397 571 529 648 animae,
544 571 599 649 qui
621 571 670 630 1111
691 577 818 649 propter
839 571 1080 648 amplitudinem
1099 590 1162 631 cor·

34 658 38 665 ⁵
156 675 244 755 poris
258 676 383 754 gravior
397 682 429 737 et
443 677 605 737 sonantior
619 681 695 752 erat,
711 676 751 736 ab
767 677 812 736 eis
827 676 882 753 qui
903 675 1006 735 limini
1021 676 1162 738 obversa·

106 789 136 836 14
156 782 274 845 bantur
287 781 481 843 audiebatur.
525 782 587 842 Sed
601 800 674 842 area
687 800 727 841 ex
741 800 803 858 qua
823 782 929 841 diaeta
949 781 1094 843 adibatur
1115 782 1162 842 ita

157 888 222 949 iam
236 874 342 949 cinere
354 887 526 965 mixtisque
541 887 717 966 pumicibus
732 886 860 964 oppleta
876 893 1053 947 surrexerat
1073 893 1118 962 ut,
1134 888 1161 947 si
1180 898 1194 943 s

156 991 281 1070 longior
308 992 342 1052 in
369 991 512 1053 cubiculo
536 1010 632 1066 mora,
654 991 758 1051 exitus
781 998 952 1066 negaretur.
995 992 1160 1053 Excitatus

156 1097 300 1177 procedit
324 1116 419 1175 seque
446 1097 662 1176 Pomponiano
688 1096 862 1173 ceterisque
882 1095 937 1174 qui
958 1096 1162 1174 pervigilave-

106 1216 138 1263 15
157 1207 231 1264 rant
244 1201 358 1263 reddit.
400 1203 441 1263 In
454 1220 618 1263 commune
635 1201 823 1275 consultant,
838 1201 924 1261 intra
944 1207 1028 1262 tecta
1048 1202 1163 1262 subsis-

157 1313 230 1368 tant
263 1327 304 1368 an
331 1307 366 1367 in
393 1313 502 1386 aperto
529 1312 690 1382 vagentur.
745 1306 830 1366 Nam
857 1306 973 1367 crebris
1000 1307 1162 1384 vastisque

157 1410 346 1475 tremoribus
374 1418 459 1474 tecta
486 1412 640 1473 nutabant
661 1417 693 1472 et
714 1411 805 1489 quasi
826 1418 929 1471 emota
949 1412 1075 1472 sedibus
1097 1411 1162 1472 suis
1182 1421 1210 1467 ro

106 1528 139 1575 16
158 1537 242 1579 nunc
258 1517 321 1579 huc
341 1536 425 1578 nunc
446 1517 522 1578 illuc
543 1517 628 1578 abire
650 1522 705 1576 aut
726 1516 838 1576 referri
859 1516 1054 1577 videbantur.
1099 1517 1163 1577 Sub

159 1623 212 1684 dio
238 1642 348 1685 rursus
375 1638 565 1701 quamquam
598 1621 717 1681 levium
752 1639 975 1698 exesorumque
1004 1621 1162 1698 pumicum

159 1728 479 1804 casus,metuebatur;
500 1727 585 1805 quod
598 1732 704 1787 tamen
726 1725 935 1804 periculorum
956 1726 1084 1786 collatio
1106 1726 1164 1786 ele-

160 1833 217 1910 git
257 1833 405 1912 Etapud
426 1832 517 1892 illum
538 1832 666 1910 quidem
693 1831 773 1891 ratio
794 1833 957 1907 rationem,
980 1832 1064 1909 apud
1085 1832 1163 1892 alios

158 1937 305 1999 timorem
324 1938 419 1999 timor
438 1937 525 1998 vicit.
577 1936 752 1999 Cervicalia
771 1936 927 2015 capitibus
948 1936 1088 2014 inposita
1108 1935 1165 1995 lin·
1184 1948 1212 1994 15

143 2043 222 2115 steis
249 2043 484 2118 constringunt:
513 2042 547 2101 id
567 2041 798 2101 munimentum
821 2042 972 2102 adversus
993 2041 1165 2101 incidentia

110 2157 142 2205 1⁷
160 2147 234 2208 fuit
277 2148 345 2209 Iam
359 2148 427 2208 dies
441 2147 528 2223 alibi,
543 2146 611 2207 illic
632 2166 695 2206 nox
716 2146 858 2206 omnibus
880 2147 1024 2207 noctibus
1044 2147 1165 2222 nigrior

136 2314 139 2319 ,
162 2253 366 2331 densiorque,
387 2271 482 2330 quam
503 2258 610 2313 tamen
630 2253 716 2312 faces
736 2252 854 2311 multae
875 2252 1024 2328 varieque
1044 2251 1166 2311 lumina

162 2357 352 2418 solabantur.
394 2355 520 2418 Placuit
533 2356 640 2434 egredi
659 2357 694 2416 in
714 2356 791 2416 litus
812 2362 844 2416 et
865 2374 904 2415 ex
924 2356 1065 2434 proximo
1086 2357 1166 2434 aspi-

162 2476 232 2523 cere
245 2461 358 2541 ecquid
372 2461 434 2522 iam
449 2480 533 2522 mare
554 2461 753 2537 admitteret,
775 2461 859 2538 quod
880 2461 982 2520 adhuc
996 2466 1121 2521 vastum
1134 2467 1166 2520 et
1185 2476 1215 2521 ao

113 2578 145 2625 18
164 2567 330 2631 adversum
343 2568 554 2646 permanebat.
596 2566 648 2628 Ibi
663 2584 756 2644 super
768 2565 922 2626 abiectum
936 2565 1069 2625 linteum
1083 2584 1168 2625 recu-

163 2673 242 2736 bans
256 2675 353 2736 semel
368 2679 462 2752 atque
476 2673 592 2734 iterum
606 2671 756 2748 frigidam
770 2689 883 2748 aquam
894 2670 1037 2749 poposcit
1050 2671 1168 2731 hausit

164 2797 234 2856 que.
276 2779 399 2840 Deinde
423 2778 567 2840 flammae
588 2776 846 2852 flammarumque
867 2777 1071 2854 praenuntius
1092 2777 1167 2836 odor

119 2896 151 2942 la
168 2883 304 2960 sulpuris
318 2882 396 2945 alios
411 2883 447 2943 in
459 2885 568 2958 fugam
582 2886 719 2954 vertunt,
735 2880 873 2942 excitant
886 2880 985 2940 illum.
1022 2880 1167 2942 Innitens

167 2989 300 3050 servulis
329 2987 448 3049 duobus
477 2986 662 3061 adsurrexit,
693 2991 725 3045 et
753 2988 861 3045 statim
888 2985 1033 3061 concidit,
1054 2991 1091 3045 ut
1112 3004 1168 3061 ego
1188 3003 1217 3048 25

167 3093 289 3171 colligo,
316 3093 467 3154 crassiore
502 3091 637 3168 caligine
670 3090 785 3167 spiritu
812 3090 971 3150 obstructo
1002 3090 1169 3168 clausoque

167 3197 336 3273 stomacho,
358 3198 412 3275 qui
433 3197 482 3256 1111
503 3202 615 3256 natura
636 3194 795 3255 invalidus
818 3199 852 3253 et
875 3200 1026 3269 angustus
1051 3201 1084 3255 et
1111 3196 1171 3256 fre

117 3316 150 3365 ao
168 3309 300 3380 quenter
314 3307 460 3363 aestuans
475 3306 550 3361 erat.
593 3298 659 3361 Ubi
674 3299 741 3358 dies
760 3298 902 3358 redditus
919 3297 960 3376 (is
974 3298 1013 3359 ab
1027 3317 1063 3359 eo
1077 3319 1170 3377 quem

168 3407 338 3469 novissime
362 3407 486 3467 viderat
513 3404 650 3485 tertius),
672 3422 784 3480 corpus
812 3402 976 3462 inventum
1003 3404 1170 3482 integrum,

169 3512 324 3573 inlaesum
339 3517 544 3590 opertumque
557 3516 594 3570 ut
607 3510 713 3568 fuerat
726 3508 873 3568 indutus:
891 3508 1019 3569 habitus
1034 3511 1171 3588 corporis
1192 3530 1218 3575 30

118 3635 156 3684 21ι
170 3617 346 3696 quiescenti
359 3637 453 3695 quam
472 3617 620 3677 defuncto
642 3614 781 3674 similior,
824 3613 956 3673 Interim
978 3615 1095 3675 Miseni
1116 3635 1173 3691 ego

171 3728 205 3785 et
218 3729 318 3784 mater
329 3722 432 3783 —sed
452 3721 533 3781 nihil
554 3721 595 3780 ad
614 3718 788 3794 historiam,
803 3736 860 3778 nec
874 3723 911 3778 tu
925 3717 1012 3778 aliud
1026 3738 1120 3796 quam
1135 3721 1173 3780 de
