<?xml version="1.0" encoding="UTF-8"?>
<!DOCTYPE html PUBLIC "-//W3C//DTD XHTML 1.0 Transitional//EN"
    "http://www.w3.org/TR/xhtml1/DTD/xhtml1-transitional.dtd">
<html xmlns="http://www.w3.org/1999/xhtml" xml:lang="en" lang="en">
 <head>
  <title>
</title>
<meta http-equiv="Content-Type" content="text/html;charset=utf-8" />
  <meta name='ocr-system' content='tesseract 3.04.00' />
  <meta name='ocr-capabilities' content='ocr_page ocr_carea ocr_par ocr_line ocrx_word'/>
</head>
<body>
  <div class='ocr_page' id='page_1' title='image "./cplinisecundiep00plingoog_0119.png"; bbox 0 0 2782 4164; ppageno 0'>
   <div class='ocr_carea' id='block_1_1' title="bbox 539 285 792 339">
    <p class='ocr_par' dir='ltr' id='par_1_1' title="bbox 539 285 792 339">
     <span class='ocr_line' id='line_1_1' title="bbox 539 285 792 339; baseline -0.004 0"><span class='ocrx_word' id='word_1_1' title='bbox 539 295 554 339; x_wconf 87' lang='grc'>,’</span> <span class='ocrx_word' id='word_1_2' title='bbox 640 285 670 338; x_wconf 78' lang='grc'>0.</span> <span class='ocrx_word' id='word_1_3' title='bbox 691 285 792 338; x_wconf 83' lang='lat' dir='ltr'>PLINI</span> 
     </span>
    </p>
   </div>
   <div class='ocr_carea' id='block_1_2' title="bbox 342 531 1086 754">
    <p class='ocr_par' dir='ltr' id='par_1_2' title="bbox 342 531 1086 754">
     <span class='ocr_line' id='line_1_2' title="bbox 636 531 791 613; baseline -0.032 -18"><span class='ocrx_word' id='word_1_4' title='bbox 636 533 688 595; x_wconf 83' lang='lat' dir='ltr'>ss.</span> <span class='ocrx_word' id='word_1_5' title='bbox 718 531 791 613; x_wconf 83' lang='lat' dir='ltr'>(n.)</span> 
     </span>
     <span class='ocr_line' id='line_1_3' title="bbox 342 700 1086 754; baseline 0.003 -2"><span class='ocrx_word' id='word_1_6' title='bbox 342 701 372 753; x_wconf 86' lang='lat' dir='ltr'>C.</span> <span class='ocrx_word' id='word_1_7' title='bbox 394 700 540 753; x_wconf 81' lang='lat' dir='ltr'>PLINIUS</span> <span class='ocrx_word' id='word_1_8' title='bbox 563 701 775 754; x_wconf 83' lang='lat' dir='ltr'>CALPURNIO</span> <span class='ocrx_word' id='word_1_9' title='bbox 798 701 940 754; x_wconf 78' lang='lat' dir='ltr'>FLACCO</span> <span class='ocrx_word' id='word_1_10' title='bbox 964 701 1034 754; x_wconf 87' lang='lat' dir='ltr'>SUO</span> <span class='ocrx_word' id='word_1_11' title='bbox 1058 701 1086 754; x_wconf 87' lang='lat' dir='ltr'>S.</span> 
     </span>
    </p>
   </div>
   <div class='ocr_carea' id='block_1_3' title="bbox 498 847 935 913">
    <p class='ocr_par' dir='ltr' id='par_1_3' title="bbox 498 847 935 913">
     <span class='ocr_line' id='line_1_4' title="bbox 498 847 935 913; baseline 0 -14"><span class='ocrx_word' id='word_1_12' title='bbox 498 847 609 900; x_wconf 65' lang='lat' dir='ltr'>Tuaen</span> <span class='ocrx_word' id='word_1_13' title='bbox 615 851 664 913; x_wconf 81' lang='lat' dir='ltr'>sor</span> <span class='ocrx_word' id='word_1_14' title='bbox 675 865 691 901; x_wconf 85' lang='lat' dir='ltr'>a</span> <span class='ocrx_word' id='word_1_15' title='bbox 703 850 755 913; x_wconf 68' lang='lat' dir='ltr'>um</span> <span class='ocrx_word' id='word_1_16' title='bbox 767 851 799 913; x_wconf 88' lang='lat' dir='ltr'>os</span> <span class='ocrx_word' id='word_1_17' title='bbox 807 850 935 900; x_wconf 69' lang='lat' dir='ltr'>thraseas.</span> 
     </span>
    </p>
   </div>
   <div class='ocr_carea' id='block_1_4' title="bbox 179 992 1254 1681">
    <p class='ocr_par' dir='ltr' id='par_1_4' title="bbox 214 992 1254 1385">
     <span class='ocr_line' id='line_1_5' title="bbox 255 992 1253 1072; baseline 0 -20"><span class='ocrx_word' id='word_1_18' title='bbox 255 993 372 1070; x_wconf 79' lang='lat' dir='ltr'><strong>Accepi</strong></span> <span class='ocrx_word' id='word_1_19' title='bbox 387 993 613 1072; x_wconf 90' lang='lat' dir='ltr'>pulcherrimos</span> <span class='ocrx_word' id='word_1_20' title='bbox 633 994 751 1069; x_wconf 87' lang='lat' dir='ltr'>turdos,</span> <span class='ocrx_word' id='word_1_21' title='bbox 767 1013 838 1054; x_wconf 92' lang='lat' dir='ltr'>cum</span> <span class='ocrx_word' id='word_1_22' title='bbox 859 994 974 1071; x_wconf 91' lang='lat' dir='ltr'>quibus</span> <span class='ocrx_word' id='word_1_23' title='bbox 993 1012 1099 1072; x_wconf 89' lang='lat' dir='ltr'>parem</span> <span class='ocrx_word' id='word_1_24' title='bbox 1120 992 1220 1054; x_wconf 84' lang='lat' dir='ltr'>calcu·</span> <span class='ocrx_word' id='word_1_25' title='bbox 1240 1006 1253 1052; x_wconf 95' lang='lat'>1</span> 
     </span>
     <span class='ocr_line' id='line_1_6' title="bbox 215 1097 1219 1176; baseline 0.004 -21"><span class='ocrx_word' id='word_1_26' title='bbox 215 1097 280 1157; x_wconf 94' lang='lat' dir='ltr'>lum</span> <span class='ocrx_word' id='word_1_27' title='bbox 303 1117 417 1174; x_wconf 87' lang='lat' dir='ltr'>ponere</span> <span class='ocrx_word' id='word_1_28' title='bbox 440 1116 497 1158; x_wconf 87' lang='lat' dir='ltr'>nec</span> <span class='ocrx_word' id='word_1_29' title='bbox 521 1098 608 1158; x_wconf 90' lang='lat' dir='ltr'>urbis</span> <span class='ocrx_word' id='word_1_30' title='bbox 632 1099 731 1176; x_wconf 92' lang='lat' dir='ltr'>copiis</span> <span class='ocrx_word' id='word_1_31' title='bbox 756 1117 795 1158; x_wconf 86' lang='lat' dir='ltr'>ex</span> <span class='ocrx_word' id='word_1_32' title='bbox 822 1098 1016 1159; x_wconf 84' lang='lat' dir='ltr'>Laurentino</span> <span class='ocrx_word' id='word_1_33' title='bbox 1038 1117 1095 1158; x_wconf 91' lang='lat' dir='ltr'>nec</span> <span class='ocrx_word' id='word_1_34' title='bbox 1122 1098 1219 1159; x_wconf 89' lang='lat' dir='ltr'>maris</span> 
     </span>
     <span class='ocr_line' id='line_1_7' title="bbox 214 1202 1254 1281; baseline 0.001 -20"><span class='ocrx_word' id='word_1_35' title='bbox 214 1206 280 1261; x_wconf 86' lang='lat' dir='ltr'>tam</span> <span class='ocrx_word' id='word_1_36' title='bbox 293 1202 430 1262; x_wconf 75' lang='lat' dir='ltr'>turbidis</span> <span class='ocrx_word' id='word_1_37' title='bbox 451 1203 691 1281; x_wconf 78' lang='lat' dir='ltr'>tempestatibus</span> <span class='ocrx_word' id='word_1_38' title='bbox 711 1222 846 1281; x_wconf 90' lang='lat' dir='ltr'>possum.</span> <span class='ocrx_word' id='word_1_39' title='bbox 888 1202 1037 1280; x_wconf 84' lang='lat' dir='ltr'>Recipies</span> <span class='ocrx_word' id='word_1_40' title='bbox 1052 1221 1126 1278; x_wconf 88' lang='lat' dir='ltr'>ergo</span> <span class='ocrx_word' id='word_1_41' title='bbox 1139 1203 1220 1281; x_wconf 90' lang='lat' dir='ltr'>epis·</span> <span class='ocrx_word' id='word_1_42' title='bbox 1239 1217 1254 1262; x_wconf 82' lang='lat'>2</span> 
     </span>
     <span class='ocr_line' id='line_1_8' title="bbox 214 1306 1220 1385; baseline 0.002 -20"><span class='ocrx_word' id='word_1_43' title='bbox 214 1306 298 1366; x_wconf 84' lang='lat' dir='ltr'>tulus</span> <span class='ocrx_word' id='word_1_44' title='bbox 314 1307 437 1366; x_wconf 89' lang='lat' dir='ltr'>steriles</span> <span class='ocrx_word' id='word_1_45' title='bbox 453 1312 485 1366; x_wconf 89' lang='lat' dir='ltr'>et</span> <span class='ocrx_word' id='word_1_46' title='bbox 502 1307 688 1385; x_wconf 86' lang='lat' dir='ltr'>simpliciter</span> <span class='ocrx_word' id='word_1_47' title='bbox 711 1307 852 1384; x_wconf 90' lang='lat' dir='ltr'>ingratas</span> <span class='ocrx_word' id='word_1_48' title='bbox 872 1325 908 1367; x_wconf 90' lang='lat' dir='ltr'>ac</span> <span class='ocrx_word' id='word_1_49' title='bbox 926 1326 966 1366; x_wconf 90' lang='lat' dir='ltr'>ne</span> <span class='ocrx_word' id='word_1_50' title='bbox 987 1306 1074 1367; x_wconf 86' lang='lat' dir='ltr'>illam</span> <span class='ocrx_word' id='word_1_51' title='bbox 1091 1308 1220 1384; x_wconf 89' lang='lat' dir='ltr'>quidem</span> 
     </span>
    </p>

    <p class='ocr_par' dir='ltr' id='par_1_5' title="bbox 179 1410 1219 1681">
     <span class='ocr_line' id='line_1_9' title="bbox 179 1410 1217 1489; baseline 0.001 -18"><span class='ocrx_word' id='word_1_52' title='bbox 179 1410 387 1471; x_wconf 62' lang='lat' dir='ltr'>§sollertiam</span> <span class='ocrx_word' id='word_1_53' title='bbox 408 1411 570 1472; x_wconf 91' lang='lat' dir='ltr'>Diomedis</span> <span class='ocrx_word' id='word_1_54' title='bbox 599 1412 633 1471; x_wconf 90' lang='lat' dir='ltr'>in</span> <span class='ocrx_word' id='word_1_55' title='bbox 660 1412 867 1489; x_wconf 87' lang='lat' dir='ltr'>permutando</span> <span class='ocrx_word' id='word_1_56' title='bbox 894 1430 1022 1471; x_wconf 89' lang='lat' dir='ltr'>munere</span> <span class='ocrx_word' id='word_1_57' title='bbox 1047 1411 1217 1472; x_wconf 85' lang='lat' dir='ltr'>imitantes.</span> 
     </span>
     <span class='ocr_line' id='line_1_10' title="bbox 216 1515 1219 1594; baseline 0.001 -19"><span class='ocrx_word' id='word_1_58' title='bbox 216 1515 286 1590; x_wconf 85' lang='lat' dir='ltr'>Sed,</span> <span class='ocrx_word' id='word_1_59' title='bbox 309 1534 388 1593; x_wconf 87' lang='lat' dir='ltr'>quae</span> <span class='ocrx_word' id='word_1_60' title='bbox 410 1515 549 1576; x_wconf 82' lang='lat' dir='ltr'>facilitas</span> <span class='ocrx_word' id='word_1_61' title='bbox 572 1521 635 1591; x_wconf 84' lang='lat' dir='ltr'>tua,</span> <span class='ocrx_word' id='word_1_62' title='bbox 660 1516 719 1576; x_wconf 91' lang='lat' dir='ltr'>hoc</span> <span class='ocrx_word' id='word_1_63' title='bbox 746 1516 847 1592; x_wconf 89' lang='lat' dir='ltr'>magis</span> <span class='ocrx_word' id='word_1_64' title='bbox 872 1516 963 1577; x_wconf 85' lang='lat' dir='ltr'>dabis</span> <span class='ocrx_word' id='word_1_65' title='bbox 985 1516 1110 1576; x_wconf 86' lang='lat' dir='ltr'>veniam</span> <span class='ocrx_word' id='word_1_66' title='bbox 1134 1517 1219 1594; x_wconf 88' lang='lat' dir='ltr'>quod</span> 
     </span>
     <span class='ocr_line' id='line_1_11' title="bbox 215 1620 744 1681; baseline 0.002 -2"><span class='ocrx_word' id='word_1_67' title='bbox 215 1637 248 1679; x_wconf 89' lang='lat' dir='ltr'>se</span> <span class='ocrx_word' id='word_1_68' title='bbox 262 1638 325 1679; x_wconf 90' lang='lat' dir='ltr'>non</span> <span class='ocrx_word' id='word_1_69' title='bbox 339 1620 452 1680; x_wconf 89' lang='lat' dir='ltr'>mereri</span> <span class='ocrx_word' id='word_1_70' title='bbox 465 1620 615 1680; x_wconf 81' lang='lat' dir='ltr'>fatentur.</span> <span class='ocrx_word' id='word_1_71' title='bbox 658 1621 744 1681; x_wconf 84' lang='lat' dir='ltr'>Vale.</span> 
     </span>
    </p>
   </div>
   <div class='ocr_carea' id='block_1_5' title="bbox 390 1880 1041 2103">
    <p class='ocr_par' dir='ltr' id='par_1_6' title="bbox 390 1880 1041 2103">
     <span class='ocr_line' id='line_1_12' title="bbox 640 1880 788 1963; baseline -0.02 -19"><span class='ocrx_word' id='word_1_72' title='bbox 640 1883 693 1944; x_wconf 84' lang='lat'>5⁷.</span> <span class='ocrx_word' id='word_1_73' title='bbox 722 1880 788 1963; x_wconf 82' lang='lat' dir='ltr'><strong>(v.)</strong></span> 
     </span>
     <span class='ocr_line' id='line_1_13' title="bbox 390 2050 1041 2103; baseline 0.003 -2"><span class='ocrx_word' id='word_1_74' title='bbox 390 2050 420 2102; x_wconf 87' lang='lat' dir='ltr'>C.</span> <span class='ocrx_word' id='word_1_75' title='bbox 442 2050 587 2101; x_wconf 86' lang='lat' dir='ltr'>PLINIUS</span> <span class='ocrx_word' id='word_1_76' title='bbox 610 2050 721 2101; x_wconf 88' lang='lat' dir='ltr'>NONIO</span> <span class='ocrx_word' id='word_1_77' title='bbox 745 2050 898 2102; x_wconf 87' lang='lat' dir='ltr'>MAXIMO</span> <span class='ocrx_word' id='word_1_78' title='bbox 922 2050 990 2102; x_wconf 88' lang='lat' dir='ltr'>SUO</span> <span class='ocrx_word' id='word_1_79' title='bbox 1015 2051 1041 2103; x_wconf 84' lang='lat' dir='ltr'>S.</span> 
     </span>
    </p>
   </div>
   <div class='ocr_carea' id='block_1_6' title="bbox 217 2193 1218 2260">
    <p class='ocr_par' dir='ltr' id='par_1_7' title="bbox 217 2193 1218 2260">
     <span class='ocr_line' id='line_1_14' title="bbox 217 2193 1218 2260; baseline 0.004 -14"><span class='ocrx_word' id='word_1_80' title='bbox 217 2193 273 2247; x_wconf 78' lang='lat' dir='ltr'>The</span> <span class='ocrx_word' id='word_1_81' title='bbox 284 2197 363 2247; x_wconf 68' lang='grc' dir='ltr'><em>ᾶεαιὴ</em></span> <span class='ocrx_word' id='word_1_82' title='bbox 376 2198 408 2258; x_wconf 86' lang='lat' dir='ltr'>os</span> <span class='ocrx_word' id='word_1_83' title='bbox 416 2198 543 2247; x_wconf 80' lang='lat' dir='ltr'>Fannius</span> <span class='ocrx_word' id='word_1_84' title='bbox 555 2197 611 2247; x_wconf 81' lang='lat' dir='ltr'>and</span> <span class='ocrx_word' id='word_1_85' title='bbox 622 2198 680 2247; x_wconf 80' lang='lat' dir='ltr'>tow</span> <span class='ocrx_word' id='word_1_86' title='bbox 692 2197 723 2247; x_wconf 79' lang='lat' dir='ltr'>bc</span> <span class='ocrx_word' id='word_1_87' title='bbox 737 2197 791 2247; x_wconf 78' lang='lat' dir='ltr'>had</span> <span class='ocrx_word' id='word_1_88' title='bbox 801 2198 864 2248; x_wconf 81' lang='lat' dir='ltr'>been</span> <span class='ocrx_word' id='word_1_89' title='bbox 871 2198 1044 2260; x_wconf 80' lang='lat' dir='ltr'>sorewcrned</span> <span class='ocrx_word' id='word_1_90' title='bbox 1052 2201 1082 2249; x_wconf 83' lang='lat' dir='ltr'>in</span> <span class='ocrx_word' id='word_1_91' title='bbox 1091 2214 1109 2250; x_wconf 86' lang='grc' dir='ltr'><em>α</em></span> <span class='ocrx_word' id='word_1_92' title='bbox 1118 2200 1218 2251; x_wconf 82' lang='lat' dir='ltr'>dream.</span> 
     </span>
    </p>
   </div>
   <div class='ocr_carea' id='block_1_7' title="bbox 164 2340 1256 3783">
    <p class='ocr_par' dir='ltr' id='par_1_8' title="bbox 164 2340 1256 3783">
     <span class='ocr_line' id='line_1_15' title="bbox 253 2340 1252 2420; baseline 0.005 -20"><span class='ocrx_word' id='word_1_93' title='bbox 253 2341 444 2400; x_wconf 87' lang='lat' dir='ltr'>Nuntiatum</span> <span class='ocrx_word' id='word_1_94' title='bbox 458 2340 536 2400; x_wconf 92' lang='lat' dir='ltr'>mihi</span> <span class='ocrx_word' id='word_1_95' title='bbox 552 2346 600 2401; x_wconf 92' lang='lat' dir='ltr'>est</span> <span class='ocrx_word' id='word_1_96' title='bbox 615 2341 647 2402; x_wconf 83' lang='lat' dir='ltr'>O.</span> <span class='ocrx_word' id='word_1_97' title='bbox 663 2341 818 2400; x_wconf 85' lang='lat' dir='ltr'>Fannium</span> <span class='ocrx_word' id='word_1_98' title='bbox 831 2342 1010 2417; x_wconf 84' lang='lat' dir='ltr'>decessisse,</span> <span class='ocrx_word' id='word_1_99' title='bbox 1021 2344 1076 2420; x_wconf 94' lang='lat' dir='ltr'>qui</span> <span class='ocrx_word' id='word_1_100' title='bbox 1087 2344 1218 2405; x_wconf 89' lang='lat' dir='ltr'>nuntius</span> <span class='ocrx_word' id='word_1_101' title='bbox 1239 2359 1252 2404; x_wconf 90' lang='lat'>1</span> 
     </span>
     <span class='ocr_line' id='line_1_16' title="bbox 213 2445 1218 2522; baseline 0.004 -18"><span class='ocrx_word' id='word_1_102' title='bbox 213 2465 262 2505; x_wconf 89' lang='lat' dir='ltr'>me</span> <span class='ocrx_word' id='word_1_103' title='bbox 280 2446 369 2521; x_wconf 79' lang='lat' dir='ltr'>gravi</span> <span class='ocrx_word' id='word_1_104' title='bbox 389 2445 494 2505; x_wconf 91' lang='lat' dir='ltr'>dolore</span> <span class='ocrx_word' id='word_1_105' title='bbox 509 2445 660 2519; x_wconf 81' lang='lat' dir='ltr'>confudit,</span> <span class='ocrx_word' id='word_1_106' title='bbox 676 2446 821 2522; x_wconf 92' lang='lat' dir='ltr'>primum,</span> <span class='ocrx_word' id='word_1_107' title='bbox 838 2447 922 2522; x_wconf 92' lang='lat' dir='ltr'>quod</span> <span class='ocrx_word' id='word_1_108' title='bbox 941 2449 1044 2507; x_wconf 89' lang='lat' dir='ltr'>amavi</span> <span class='ocrx_word' id='word_1_109' title='bbox 1058 2448 1218 2509; x_wconf 88' lang='lat' dir='ltr'>hominem</span> 
     </span>
     <span class='ocr_line' id='line_1_17' title="bbox 164 2549 1219 2626; baseline 0.005 -18"><span class='ocrx_word' id='word_1_110' title='bbox 164 2572 193 2617; x_wconf 93' lang='lat'>10</span> <span class='ocrx_word' id='word_1_111' title='bbox 213 2550 387 2626; x_wconf 86' lang='lat' dir='ltr'>elegantem</span> <span class='ocrx_word' id='word_1_112' title='bbox 409 2550 572 2623; x_wconf 90' lang='lat' dir='ltr'>disertum,</span> <span class='ocrx_word' id='word_1_113' title='bbox 595 2549 717 2624; x_wconf 91' lang='lat' dir='ltr'>deinde,</span> <span class='ocrx_word' id='word_1_114' title='bbox 740 2550 823 2626; x_wconf 93' lang='lat' dir='ltr'>quod</span> <span class='ocrx_word' id='word_1_115' title='bbox 844 2550 960 2610; x_wconf 90' lang='lat' dir='ltr'>iudicio</span> <span class='ocrx_word' id='word_1_116' title='bbox 982 2552 1050 2612; x_wconf 92' lang='lat' dir='ltr'>eius</span> <span class='ocrx_word' id='word_1_117' title='bbox 1071 2554 1120 2612; x_wconf 86' lang='lat' dir='ltr'>uti</span> <span class='ocrx_word' id='word_1_118' title='bbox 1142 2554 1219 2613; x_wconf 89' lang='lat' dir='ltr'>sole-</span> 
     </span>
     <span class='ocr_line' id='line_1_18' title="bbox 212 2655 1218 2729; baseline 0.002 -13"><span class='ocrx_word' id='word_1_119' title='bbox 212 2656 292 2716; x_wconf 87' lang='lat' dir='ltr'>bam.</span> <span class='ocrx_word' id='word_1_120' title='bbox 328 2656 406 2714; x_wconf 85' lang='lat' dir='ltr'>Erat</span> <span class='ocrx_word' id='word_1_121' title='bbox 427 2655 511 2714; x_wconf 92' lang='lat' dir='ltr'>enim</span> <span class='ocrx_word' id='word_1_122' title='bbox 531 2660 640 2713; x_wconf 86' lang='lat' dir='ltr'>acutus</span> <span class='ocrx_word' id='word_1_123' title='bbox 659 2660 779 2728; x_wconf 90' lang='lat' dir='ltr'>natura,</span> <span class='ocrx_word' id='word_1_124' title='bbox 795 2674 854 2714; x_wconf 94' lang='lat' dir='ltr'>usu</span> <span class='ocrx_word' id='word_1_125' title='bbox 869 2656 1067 2729; x_wconf 80' lang='lat' dir='ltr'>exercitatus,</span> <span class='ocrx_word' id='word_1_126' title='bbox 1083 2659 1218 2718; x_wconf 85' lang='lat' dir='ltr'>veritate</span> 
     </span>
     <span class='ocr_line' id='line_1_19' title="bbox 212 2757 1254 2838; baseline 0.006 -18"><span class='ocrx_word' id='word_1_127' title='bbox 212 2760 475 2838; x_wconf 85' lang='lat' dir='ltr'>promptissimus.</span> <span class='ocrx_word' id='word_1_128' title='bbox 520 2758 620 2833; x_wconf 89' lang='lat' dir='ltr'>Angit</span> <span class='ocrx_word' id='word_1_129' title='bbox 634 2776 683 2816; x_wconf 95' lang='lat' dir='ltr'>me</span> <span class='ocrx_word' id='word_1_130' title='bbox 695 2777 787 2834; x_wconf 87' lang='lat' dir='ltr'>super</span> <span class='ocrx_word' id='word_1_131' title='bbox 802 2757 864 2818; x_wconf 87' lang='lat' dir='ltr'>ista</span> <span class='ocrx_word' id='word_1_132' title='bbox 875 2778 964 2820; x_wconf 88' lang='lat' dir='ltr'>casus</span> <span class='ocrx_word' id='word_1_133' title='bbox 977 2761 1093 2838; x_wconf 90' lang='lat' dir='ltr'>ipsius:</span> <span class='ocrx_word' id='word_1_134' title='bbox 1117 2765 1218 2825; x_wconf 89' lang='lat' dir='ltr'>deces-</span> <span class='ocrx_word' id='word_1_135' title='bbox 1238 2781 1254 2826; x_wconf 75' lang='lat' dir='ltr'>a</span> 
     </span>
     <span class='ocr_line' id='line_1_20' title="bbox 213 2862 1219 2947; baseline 0.004 -22"><span class='ocrx_word' id='word_1_136' title='bbox 213 2866 256 2925; x_wconf 88' lang='lat' dir='ltr'>sit</span> <span class='ocrx_word' id='word_1_137' title='bbox 270 2870 375 2925; x_wconf 79' lang='lat' dir='ltr'>vetere</span> <span class='ocrx_word' id='word_1_138' title='bbox 388 2868 585 2936; x_wconf 90' lang='lat' dir='ltr'>testament0,</span> <span class='ocrx_word' id='word_1_139' title='bbox 604 2862 709 2921; x_wconf 90' lang='lat' dir='ltr'>omisit</span> <span class='ocrx_word' id='word_1_140' title='bbox 725 2882 802 2940; x_wconf 90' lang='lat' dir='ltr'>quos</span> <span class='ocrx_word' id='word_1_141' title='bbox 817 2865 951 2924; x_wconf 86' lang='lat' dir='ltr'>maxime</span> <span class='ocrx_word' id='word_1_142' title='bbox 974 2867 1135 2943; x_wconf 87' lang='lat' dir='ltr'>diligebat,</span> <span class='ocrx_word' id='word_1_143' title='bbox 1151 2889 1219 2947; x_wconf 80' lang='lat' dir='ltr'>prc</span> 
     </span>
     <span class='ocr_line' id='line_1_21' title="bbox 214 2971 1218 3052; baseline 0.004 -22"><span class='ocrx_word' id='word_1_144' title='bbox 214 2976 337 3031; x_wconf 90' lang='lat' dir='ltr'>secutus</span> <span class='ocrx_word' id='word_1_145' title='bbox 365 2977 413 3031; x_wconf 87' lang='lat' dir='ltr'>est</span> <span class='ocrx_word' id='word_1_146' title='bbox 436 2971 550 3048; x_wconf 90' lang='lat' dir='ltr'>quibus</span> <span class='ocrx_word' id='word_1_147' title='bbox 575 2971 722 3030; x_wconf 86' lang='lat' dir='ltr'>offensior</span> <span class='ocrx_word' id='word_1_148' title='bbox 748 2977 822 3031; x_wconf 89' lang='lat' dir='ltr'>erat.</span> <span class='ocrx_word' id='word_1_149' title='bbox 875 2973 937 3031; x_wconf 84' lang='lat' dir='ltr'>Sed</span> <span class='ocrx_word' id='word_1_150' title='bbox 962 2972 1020 3032; x_wconf 89' lang='lat' dir='ltr'>hoc</span> <span class='ocrx_word' id='word_1_151' title='bbox 1047 2979 1218 3052; x_wconf 87' lang='lat' dir='ltr'>utcumque</span> 
     </span>
     <span class='ocr_line' id='line_1_22' title="bbox 165 3076 1219 3158; baseline 0.006 -24"><span class='ocrx_word' id='word_1_152' title='bbox 165 3097 193 3142; x_wconf 80' lang='lat'>15</span> <span class='ocrx_word' id='word_1_153' title='bbox 212 3076 383 3152; x_wconf 81' lang='lat' dir='ltr'>tolerabile,</span> <span class='ocrx_word' id='word_1_154' title='bbox 399 3077 525 3152; x_wconf 89' lang='lat' dir='ltr'>gravius</span> <span class='ocrx_word' id='word_1_155' title='bbox 548 3078 637 3153; x_wconf 90' lang='lat' dir='ltr'>illud,</span> <span class='ocrx_word' id='word_1_156' title='bbox 654 3079 737 3155; x_wconf 89' lang='lat' dir='ltr'>quod</span> <span class='ocrx_word' id='word_1_157' title='bbox 754 3079 998 3156; x_wconf 88' lang='lat' dir='ltr'>pulcherrimum</span> <span class='ocrx_word' id='word_1_158' title='bbox 1015 3098 1092 3156; x_wconf 90' lang='lat' dir='ltr'>opus</span> <span class='ocrx_word' id='word_1_159' title='bbox 1107 3080 1219 3158; x_wconf 88' lang='lat' dir='ltr'>imper-</span> 
     </span>
     <span class='ocr_line' id='line_1_23' title="bbox 213 3181 1254 3259; baseline 0.009 -20"><span class='ocrx_word' id='word_1_160' title='bbox 213 3181 329 3240; x_wconf 79' lang='lat' dir='ltr'>fectum</span> <span class='ocrx_word' id='word_1_161' title='bbox 353 3182 490 3259; x_wconf 89' lang='lat' dir='ltr'>reliquit.</span> <span class='ocrx_word' id='word_1_162' title='bbox 535 3183 684 3252; x_wconf 81' lang='lat' dir='ltr'>Quamvis</span> <span class='ocrx_word' id='word_1_163' title='bbox 706 3184 789 3243; x_wconf 91' lang='lat' dir='ltr'>enim</span> <span class='ocrx_word' id='word_1_164' title='bbox 817 3185 945 3258; x_wconf 86' lang='lat' dir='ltr'>agendis</span> <span class='ocrx_word' id='word_1_165' title='bbox 967 3183 1070 3244; x_wconf 91' lang='lat' dir='ltr'>causis</span> <span class='ocrx_word' id='word_1_166' title='bbox 1091 3184 1220 3244; x_wconf 88' lang='lat' dir='ltr'>distrin-</span> <span class='ocrx_word' id='word_1_167' title='bbox 1239 3203 1254 3248; x_wconf 87' lang='grc'>3</span> 
     </span>
     <span class='ocr_line' id='line_1_24' title="bbox 214 3288 1223 3366; baseline 0.005 -21"><span class='ocrx_word' id='word_1_168' title='bbox 214 3291 347 3361; x_wconf 87' lang='lat' dir='ltr'>geretur,</span> <span class='ocrx_word' id='word_1_169' title='bbox 369 3288 524 3347; x_wconf 87' lang='lat' dir='ltr'>scribebat</span> <span class='ocrx_word' id='word_1_170' title='bbox 552 3294 660 3347; x_wconf 82' lang='lat' dir='ltr'>tamen</span> <span class='ocrx_word' id='word_1_171' title='bbox 688 3288 791 3348; x_wconf 83' lang='lat' dir='ltr'>exitus</span> <span class='ocrx_word' id='word_1_172' title='bbox 820 3289 989 3348; x_wconf 87' lang='lat' dir='ltr'>occisorum</span> <span class='ocrx_word' id='word_1_173' title='bbox 1020 3296 1075 3349; x_wconf 88' lang='lat' dir='ltr'>aut</span> <span class='ocrx_word' id='word_1_174' title='bbox 1102 3290 1223 3366; x_wconf 75' lang='lat' dir='ltr'>relega·</span> 
     </span>
     <span class='ocr_line' id='line_1_25' title="bbox 214 3392 1218 3468; baseline 0.006 -18"><span class='ocrx_word' id='word_1_175' title='bbox 214 3396 316 3450; x_wconf 85' lang='lat' dir='ltr'>torum</span> <span class='ocrx_word' id='word_1_176' title='bbox 338 3410 356 3451; x_wconf 87' lang='lat' dir='ltr'>a</span> <span class='ocrx_word' id='word_1_177' title='bbox 376 3392 512 3465; x_wconf 88' lang='lat' dir='ltr'>Nerone,</span> <span class='ocrx_word' id='word_1_178' title='bbox 535 3397 566 3450; x_wconf 89' lang='lat' dir='ltr'>et</span> <span class='ocrx_word' id='word_1_179' title='bbox 587 3392 650 3451; x_wconf 91' lang='lat' dir='ltr'>iam</span> <span class='ocrx_word' id='word_1_180' title='bbox 672 3398 735 3452; x_wconf 90' lang='lat' dir='ltr'>tres</span> <span class='ocrx_word' id='word_1_181' title='bbox 757 3392 853 3452; x_wconf 88' lang='lat' dir='ltr'>libros</span> <span class='ocrx_word' id='word_1_182' title='bbox 876 3393 1062 3468; x_wconf 87' lang='lat' dir='ltr'>absolverat,</span> <span class='ocrx_word' id='word_1_183' title='bbox 1086 3395 1218 3456; x_wconf 88' lang='lat' dir='ltr'>subtiles</span> 
     </span>
     <span class='ocr_line' id='line_1_26' title="bbox 214 3496 1220 3573; baseline 0.005 -18"><span class='ocrx_word' id='word_1_184' title='bbox 214 3502 246 3555; x_wconf 91' lang='lat' dir='ltr'>et</span> <span class='ocrx_word' id='word_1_185' title='bbox 267 3496 434 3571; x_wconf 88' lang='lat' dir='ltr'>diligentes</span> <span class='ocrx_word' id='word_1_186' title='bbox 450 3502 482 3555; x_wconf 91' lang='lat' dir='ltr'>et</span> <span class='ocrx_word' id='word_1_187' title='bbox 496 3497 626 3556; x_wconf 89' lang='lat' dir='ltr'>Latinos</span> <span class='ocrx_word' id='word_1_188' title='bbox 642 3501 735 3573; x_wconf 88' lang='lat' dir='ltr'>atque</span> <span class='ocrx_word' id='word_1_189' title='bbox 753 3496 835 3556; x_wconf 88' lang='lat' dir='ltr'>inter</span> <span class='ocrx_word' id='word_1_190' title='bbox 855 3516 1027 3556; x_wconf 89' lang='lat' dir='ltr'>sermonem</span> <span class='ocrx_word' id='word_1_191' title='bbox 1043 3497 1220 3560; x_wconf 88' lang='lat' dir='ltr'>historiam·</span> 
     </span>
     <span class='ocr_line' id='line_1_27' title="bbox 164 3600 1221 3681; baseline 0.006 -22"><span class='ocrx_word' id='word_1_192' title='bbox 164 3623 194 3668; x_wconf 79' lang='lat'>20</span> <span class='ocrx_word' id='word_1_193' title='bbox 214 3620 274 3678; x_wconf 90' lang='lat' dir='ltr'>que</span> <span class='ocrx_word' id='word_1_194' title='bbox 296 3601 425 3675; x_wconf 91' lang='lat' dir='ltr'>medios,</span> <span class='ocrx_word' id='word_1_195' title='bbox 447 3619 483 3661; x_wconf 90' lang='lat' dir='ltr'>ac</span> <span class='ocrx_word' id='word_1_196' title='bbox 504 3606 592 3659; x_wconf 90' lang='lat' dir='ltr'>tanto</span> <span class='ocrx_word' id='word_1_197' title='bbox 615 3600 715 3677; x_wconf 87' lang='lat' dir='ltr'>magis</span> <span class='ocrx_word' id='word_1_198' title='bbox 740 3601 877 3677; x_wconf 87' lang='lat' dir='ltr'>reliquos</span> <span class='ocrx_word' id='word_1_199' title='bbox 902 3601 1049 3678; x_wconf 88' lang='lat' dir='ltr'>perficere</span> <span class='ocrx_word' id='word_1_200' title='bbox 1073 3603 1221 3681; x_wconf 87' lang='lat' dir='ltr'>cupiebat</span> 
     </span>
     <span class='ocr_line' id='line_1_28' title="bbox 214 3704 1256 3783; baseline 0.005 -19"><span class='ocrx_word' id='word_1_201' title='bbox 214 3711 333 3783; x_wconf 89' lang='lat' dir='ltr'>quanto</span> <span class='ocrx_word' id='word_1_202' title='bbox 346 3705 544 3782; x_wconf 85' lang='lat' dir='ltr'>frequentius</span> <span class='ocrx_word' id='word_1_203' title='bbox 556 3704 589 3763; x_wconf 90' lang='lat' dir='ltr'>hi</span> <span class='ocrx_word' id='word_1_204' title='bbox 601 3704 832 3764; x_wconf 88' lang='lat' dir='ltr'>lectitabantur.</span> <span class='ocrx_word' id='word_1_205' title='bbox 875 3705 957 3764; x_wconf 92' lang='lat' dir='ltr'>Mihi</span> <span class='ocrx_word' id='word_1_206' title='bbox 972 3712 1074 3766; x_wconf 88' lang='lat' dir='ltr'>autem</span> <span class='ocrx_word' id='word_1_207' title='bbox 1093 3707 1220 3768; x_wconf 83' lang='lat' dir='ltr'>ridetur</span> <span class='ocrx_word' id='word_1_208' title='bbox 1240 3730 1256 3775; x_wconf 77' lang='lat'><em>4</em></span> 
     </span>
    </p>
   </div>
   <div class='ocr_carea' id='block_1_8' title="bbox 0 0 1396 4164">
    <p class='ocr_par' dir='ltr' id='par_1_9' title="bbox 0 0 1396 4164">
     <span class='ocr_line' id='line_1_29' title="bbox 0 0 1396 4164; baseline 0 0"><span class='ocrx_word' id='word_1_209' title='bbox 0 0 1396 4164; x_wconf 95' lang='lat' dir='ltr'> </span> 
     </span>
    </p>
   </div>
  </div>
 </body>
</html>
