2782 4164
504 304 766 357 EPISTULARUM
789 305 838 358 VI.
857 306 882 358 2.

508 758 651 824 LIBER
682 759 875 825 SEXTUS.

614 971 667 1034 sa
695 969 770 1050 (Π.)

428 1128 461 1182 0.
484 1130 629 1181 PLINIUS
652 1129 820 1181 ARRIANO
844 1131 912 1183 SUO
934 1131 961 1183 8.

410 1277 465 1328 Tbc
476 1277 555 1329 ἀιαεΙι
567 1279 600 1341 os
607 1277 729 1341 secutur
740 1292 757 1329 o
770 1279 824 1328 loss
835 1284 862 1329 to
874 1278 916 1329 tlte
929 1279 985 1330 bar.

155 1439 169 1484 1
232 1421 323 1484 Soleo
339 1440 402 1483 non
422 1440 593 1500 numquam
610 1425 644 1482 in
661 1421 787 1484 iudiciis
805 1441 953 1501 quaerere
968 1424 1011 1483 M.
1025 1423 1192 1501 Regulum,

154 1540 170 1586 2
190 1527 264 1588 nolo
278 1527 362 1587 enim
381 1527 492 1602 dicere,
508 1526 694 1588 desiderare.
737 1528 800 1589 Cur
819 1546 892 1605 ergo
908 1530 1050 1605 quaero?
1091 1529 1195 1590 Habe

189 1632 245 1693 bat
263 1632 378 1693 studiis
399 1632 558 1708 honorem,
577 1633 719 1708 timebat,
735 1631 883 1710 pallebat,
906 1632 1070 1710 scribebat,
1089 1653 1195 1711 quarn·

190 1737 240 1798 vis
254 1756 317 1797 non
331 1743 438 1816 posset
452 1737 596 1798 ediscere.
639 1736 722 1797 Illud
740 1736 853 1816 ipsum,
865 1739 949 1816 quod
963 1738 1087 1798 oculum
1101 1739 1193 1799 modo

190 1841 337 1902 dextrum
364 1843 456 1902 modo
483 1842 648 1903 sinistrum
675 1841 921 1919 circumlinebat,
947 1844 1101 1919 dextrum,
1126 1844 1154 1904 si
1174 1863 1227 1910 as

190 1947 334 2026 petitore,
363 1946 505 2022 alterum,
531 1947 559 2007 si
586 1966 606 2007 a
633 1966 810 2026 possessore
838 1953 922 2008 esset
949 1953 1083 2023 acturus,
1109 1948 1193 2026 quod

190 2052 359 2113 candidum
393 2052 550 2129 splenium
584 2052 619 2111 in
647 2053 705 2112 hoc
733 2058 787 2112 aut
814 2052 848 2112 in
875 2052 956 2117 illud
990 2052 1192 2131 supercilium

188 2157 408 2231 transferebat,
424 2157 507 2234 quod
522 2175 645 2234 semper
661 2156 844 2235 haruspices
861 2157 1043 2218 consulebat
1061 2158 1101 2218 de
1118 2158 1192 2218 acti-

189 2263 258 2323 onis
272 2268 397 2338 sventu,
413 2263 544 2322 animia
561 2262 793 2340 superstitione,
809 2263 864 2323 sed
881 2270 987 2324 tamen
1001 2270 1034 2324 et
1048 2283 1066 2324 a
1080 2281 1192 2340 magno

153 2377 169 2423 ³
186 2367 365 2428 studiorum
385 2366 502 2427 honore
519 2368 673 2427 veniebat.
717 2368 785 2428 Iam
806 2367 864 2428 illa
884 2386 1034 2446 perquam
1056 2368 1239 2429 iucundam

188 2491 252 2532 una
271 2472 457 2548 dicentibus,
477 2471 562 2550 quod
581 2471 680 2533 libera
697 2478 840 2551 tempora
854 2474 989 2552 petebat,
1004 2473 1089 2551 quod
1106 2473 1192 2534 audi·
1222 2510 1225 2514 -

187 2581 275 2638 turos
296 2577 485 2654 corrogabat.
528 2577 610 2648 Quid
632 2577 714 2637 enim
737 2577 903 2638 iucundius
925 2596 1019 2656 quam
1039 2578 1097 2639 sub
1118 2579 1192 2639 alte-

187 2681 253 2743 rius
274 2681 396 2742 invidia
416 2701 509 2760 quam
531 2682 586 2741 diu
600 2683 680 2742 velis
699 2688 731 2742 et
750 2682 783 2742 in
802 2683 905 2743 alieno
925 2682 1081 2743 auditorio
1099 2684 1190 2761 quasi

151 2797 168 2843 4
188 2785 417 2864 deprehensum
428 2787 588 2846 commode
600 2787 728 2848 dicere?
770 2788 832 2848 Sed
845 2794 1014 2867 utcumque
1026 2805 1058 2848 se
1072 2787 1190 2849 habent

187 2891 258 2967 ista,
280 2892 458 2952 benefecit
483 2891 624 2967 Regulus
649 2892 733 2969 quod
757 2898 806 2952 est
830 2898 988 2968 mortuus3
1016 2892 1139 2969 melius,
1162 2893 1189 2954 si
1210 2904 1238 2951 16

187 3000 269 3056 ante.
311 2996 404 3056 Nunc
422 2997 505 3055 enirn
526 3015 600 3056 sane
620 3003 743 3074 poterat
762 2998 829 3057 sine
843 2997 926 3057 malo
943 2996 1069 3074 publico
1082 2997 1188 3058 vivere

188 3102 246 3162 sub
266 3119 303 3161 eo
323 3101 465 3179 principe
486 3102 544 3161 sub
565 3121 627 3178 quo
649 3120 758 3161 nocere
780 3121 842 3162 non
867 3105 997 3180 poterat.
1040 3102 1117 3163 Ideo
1137 3104 1188 3164 fas

151 3221 166 3267 o
187 3211 319 3267 estnon
339 3225 510 3283 numquam
532 3225 602 3266 eum
624 3225 780 3283 quaerere.
822 3206 905 3266 Nam
924 3212 1091 3284 postquam
1110 3208 1188 3268 obiit

186 3310 250 3386 ille,
272 3309 444 3371 increbruit
465 3310 582 3388 passim
603 3317 635 3370 et
656 3311 792 3371 invaluit
814 3312 1005 3371 consuetudo
1024 3311 1115 3373 binas
1136 3313 1187 3373 vel

186 3415 326 3492 singulas
341 3415 532 3494 clepsydras,
548 3415 707 3475 interdum
721 3415 816 3475 etiarn
836 3415 983 3476 dimidias
998 3422 1030 3477 et
1044 3407 1140 3501 dandi
1155 3424 1187 3478 et
1207 3431 1236 3478 co

185 3520 322 3599 petendi.
364 3521 449 3581 Nam
466 3527 498 3581 et
515 3521 570 3598 qui
592 3521 702 3580 dicunt
722 3521 821 3597 egisse
841 3520 964 3581 malunt
983 3541 1077 3599 quam
1096 3541 1186 3598 agere

184 3631 216 3685 et
230 3626 286 3703 qui
300 3624 434 3686 audiunt
450 3624 541 3685 finire
558 3645 652 3702 quam
669 3624 815 3686 iudicare.
858 3627 962 3687 Tanta
977 3626 1184 3705 neglegentia,

183 3736 274 3791 tanta
287 3729 418 3806 desidia,
433 3736 523 3791 tanta
536 3730 671 3810 denique
691 3729 901 3791 inreverentia
918 3730 1093 3792 studiorum
1108 3733 1187 3809 peri·
