2782 4164
497 301 759 357 nrrsrutsauu
782 307 817 357 u
837 307 878 359 ro.
1161 291 1204 358 35

200 479 385 559 praesertim
410 498 503 558 super
527 483 618 538 tanta
641 497 681 538 re.
737 478 820 538 Nam
846 478 922 556 quid
946 478 1046 554 magis
1070 479 1204 538 interest

201 590 307 646 vestra
320 603 414 662 quam
428 590 465 644 ut
482 584 574 644 liberi
590 583 738 660 (dicerem
757 583 814 658 tui,
828 583 891 643 nisi
909 601 992 642 nunc
1011 582 1084 643 illos
1102 582 1202 657 magis

200 691 335 771 amares)
357 689 446 766 digni
467 689 523 748 illo
544 695 642 766 patre,
664 694 696 748 te
720 694 831 766 patruo
857 688 1080 766 reperiantur?
1108 706 1202 765 quam

163 808 180 854 u
200 813 305 855 curam
325 794 414 870 mihi,
430 794 524 854 etiam
544 795 654 854 sinon
671 794 860 868 mandasses,
876 793 1092 853 vindicassem.
1135 793 1203 852 Nec

200 900 309 976 ignoro
326 899 541 977 suscipiendas
560 899 695 959 offensas
712 899 746 956 in
763 898 906 974 eligendo
923 902 1132 975 praeceptore,
1148 897 1203 958 sed
1222 908 1237 953 s

200 1010 323 1081 oportet
343 1022 393 1064 me
415 1023 478 1063 non
502 1004 594 1062 modo
618 1004 753 1064 offensas
774 1021 882 1062 verum
906 1003 1002 1062 etiam
1025 1001 1202 1062 simultates

200 1128 257 1187 pro
277 1108 386 1169 fratris
407 1108 455 1168 tui
475 1107 552 1168 filiis
573 1113 638 1168 tam
659 1126 758 1185 aequo
780 1107 885 1167 animo
906 1106 1010 1167 subire
1035 1124 1129 1183 quam
1151 1125 1203 1184 pa·

199 1220 305 1274 rentes
318 1233 375 1293 pro
389 1212 462 1275 suis.
504 1213 592 1274 Vale.
1005 1217 1007 1222 “

609 1400 662 1462 ae.
691 1400 791 1482 (xx.)

436 1559 636 1612 &PLINIUS
659 1559 830 1610 cnavlslo
853 1559 920 1609 SUO
944 1559 970 1611 S.

494 1707 618 1770 Regulus
629 1721 661 1756 aa
672 1721 689 1756 a
702 1707 909 1769 lecara-taam.

166 1866 181 1913 1
241 1851 354 1912 Assem
371 1870 448 1930 para
466 1857 498 1912 et
512 1853 617 1930 accipe
637 1871 763 1913 auream
782 1853 930 1928 fabulam,
946 1852 1070 1913 fabulas
1090 1851 1201 1911 immo:

200 1975 274 2016 nam
288 1975 337 2016 me
351 1956 491 2034 priorum
504 1976 587 2017 nova
600 1958 770 2032 admonuit,
785 1976 842 2017 nec
859 1958 957 2016 refert
971 1977 989 2016 a
1003 1975 1066 2034 qua
1082 1956 1204 2034 potissi·
1225 1970 1252 2017 1u
1344 1954 1347 1963 ’

165 2075 182 2121 a
201 2080 287 2120 mum
305 2061 462 2139 incipiam.
506 2062 644 2123 Verania
658 2062 784 2122 Pisonis
806 2062 943 2138 graviter
961 2062 1089 2136 iacebat,
1109 2061 1204 2121 huius

201 2165 272 2226 dico
291 2166 417 2227 Pisonis
439 2185 531 2245 quem
553 2167 655 2228 Galba
675 2167 846 2245 adoptavit.
889 2167 939 2226 Ad
961 2166 1042 2225 hanc
1062 2165 1204 2242 Regulus

202 2271 296 2330 venit.
349 2271 491 2351 Primum
519 2272 736 2349 inpudentiam
768 2272 903 2332 hominis
931 2271 986 2348 qui
1013 2270 1136 2329 venerit
1165 2269 1204 2329 ad

202 2393 336 2450 aegram,
365 2375 453 2436 cuius
482 2376 596 2435 marito
628 2357 873 2450 inimicissimus,
901 2376 963 2453 ipsi
993 2375 1204 2435 invisissimus

165 2479 314 2542 afuerat.
357 2480 444 2554 Esto,
467 2480 494 2541 si
515 2482 603 2540 venit
623 2487 762 2540 tantum:
788 2487 822 2540 at
846 2481 900 2540 ille
925 2481 1019 2540 etiam
1044 2481 1204 2558 proximus
1226 2495 1254 2540 rt

201 2590 271 2644 toro
295 2585 385 2660 sedit,
411 2605 473 2663 quo
501 2586 560 2660 die,
586 2605 649 2663 qua
675 2586 752 2645 hora
778 2591 854 2645 nata
880 2591 964 2646 esset
991 2585 1203 2661 interrogavit.

203 2688 269 2750 Ubi
300 2689 410 2765 audiit,
438 2690 597 2768 componit
625 2690 757 2765 vultum,
786 2690 923 2750 intendit
957 2690 1071 2764 oculos,
1100 2694 1206 2748 movet

203 2793 299 2869 labra,
320 2794 420 2870 agitat
445 2795 570 2872 digitos,
593 2801 769 2872 computat;
799 2796 896 2854 nihil:
925 2802 961 2855 ut
984 2795 1039 2855 diu
1060 2795 1205 2854 miseram

202 2898 419 2975 expectatione
447 2899 620 2977 suspendit,
648 2900 778 2960 ‘habes'
807 2900 911 2979 inquit
943 2899 1204 2960 ‘climactericum

166 3007 337 3080 atempus,
352 3003 407 3063 sed
426 3005 547 3063 evades.
591 3005 680 3075 Quod
700 3012 736 3064 ut
757 3005 817 3064 tibi
838 3005 937 3080 magis
958 3005 1086 3082 liqueat,
1100 3004 1207 3063 harus·
1226 3013 1254 3058 at

167 3107 305 3185 apicem
332 3109 492 3168 consulam
514 3128 606 3187 quem
628 3129 696 3169 sum
718 3110 899 3186 frequenter
921 3111 1086 3187 expertus!
1138 3110 1205 3168 Nec

203 3231 306 3272 mora:
329 3213 516 3273 sacrificium
531 3214 617 3288 facit,
630 3215 776 3275 adfirmat
790 3220 863 3274 exta
877 3233 947 3274 cum
961 3215 1098 3274 siderum
1114 3213 1207 3290 signi·

203 3316 349 3377 ficatione
370 3336 547 3395 congruere.
590 3317 666 3394 Illa,
682 3327 717 3380 ut
738 3321 772 3379 in
792 3321 930 3398 periculo
951 3320 1086 3394 credula,
1106 3318 1207 3397 poscit

204 3421 374 3497 codicillos,
391 3423 545 3499 ¹legatum
579 3425 701 3500 Regulo
734 3425 859 3485 scribit:
896 3445 968 3484 mox
1002 3423 1205 3499 ingravescit:
1275 3463 1281 3473 ·

203 3526 320 3587 clamat
353 3527 489 3588 moriens
524 3528 680 3588 hominem
712 3549 856 3607 nequam,
885 3530 1038 3607 perfidum
1066 3547 1101 3588 ac
1136 3528 1206 3606 plus
1227 3539 1255 3585 25

203 3631 301 3691 etiam
325 3652 420 3709 quam
444 3633 613 3711 periurum,
639 3634 693 3711 qui
718 3634 778 3693 sibi
806 3653 861 3711 per
886 3635 1017 3694 salutem
1044 3633 1103 3692 filii
1128 3633 1208 3711 peie

166 3748 183 3794 6
203 3742 314 3797 resset.
357 3737 447 3797 Facit
470 3737 528 3796 hoc
553 3738 693 3815 Regulus
717 3758 780 3797 non
804 3738 908 3798 minus
936 3738 1086 3799 scelerate
1114 3756 1207 3814 quam

1208 3892 1307 3915 *-
