2782 4164
522 307 786 361 nrrsruannuu
809 307 860 359 vr.
877 308 919 360 ao.
1179 299 1221 365 87

217 481 510 543 circumiacentibus
537 481 640 557 tectis,
663 500 852 560 quamquam
880 480 913 540 in
937 485 1045 559 aperto
1072 479 1148 557 loco,
1170 501 1222 542 an·

179 603 197 651 '1
217 592 311 664 gusto
323 593 440 662 umen,
455 605 587 663 magnus
603 592 635 646 et
657 592 760 646 certus
783 586 891 645 ruinae
914 590 1025 645 metus.
1069 588 1149 646 Tum
1172 587 1222 647 de

216 710 304 751 mum
317 692 466 752 excedere
486 692 603 770 oppido
616 690 734 752 visum:
758 691 900 768 sequitur
914 689 1026 768 vulgus
1041 691 1219 767 attonitum,

217 796 363 875 quodque
376 797 412 857 in
425 815 540 875 pavore
560 796 662 858 simile
684 796 880 874 prudentiae,
896 795 1033 855 alienum
1054 796 1220 856 consilium

217 920 275 962 suo
298 902 439 980 praefert
460 901 644 979 ingentique
668 901 793 977 agmine
814 900 958 961 abeuntis
983 901 1099 978 premit
1120 906 1153 960 et
1175 901 1220 960 in·
1238 915 1254 960 c

180 1005 318 1085 apellit.
359 1006 487 1083 Egressi
511 1011 596 1066 tecta
617 1005 825 1066 consistimus.
876 1005 981 1065 Multa
1002 1005 1044 1064 ibi
1068 1005 1219 1081 miranda,

217 1110 335 1172 multas
349 1110 534 1172 formidines
549 1111 695 1190 patimur.
738 1111 821 1170 Nam
836 1109 982 1169 vehicula
995 1127 1075 1187 quae
1090 1110 1219 1188 produci

217 1215 418 1292 iusseramus,
432 1235 622 1295 quamquam
645 1215 678 1275 in
700 1215 884 1293 planissimo
905 1233 1023 1292 campo,
1046 1215 1079 1274 in
1102 1222 1220 1276 contra

216 1320 282 1381 rias
302 1326 407 1399 partes
428 1320 601 1397 agebantur
621 1338 656 1380 ao
680 1338 720 1379 ne
744 1319 902 1397 lapidibus
927 1319 1054 1397 quidem
1078 1320 1162 1380 fulta
1185 1321 1219 1379 in

181 1437 199 1484 a
217 1424 328 1485 eodem
340 1425 474 1503 vestigio
495 1426 706 1504 quiescebant.
748 1425 916 1484 Praeterea
930 1443 1015 1484 mare
1030 1425 1063 1484 in
1078 1442 1111 1484 se
1125 1443 1220 1485 resur·
1239 1442 1269 1488 lc

216 1529 285 1591 beri
305 1535 338 1590 et
356 1536 491 1591 tremore
518 1536 619 1590 terrae
644 1529 734 1607 quasi
758 1528 869 1606 repelli
894 1529 1084 1590 videbamus.
1128 1530 1218 1590 Certe

134 1620 139 1629 ¹
216 1640 410 1713 processerat
424 1635 501 1696 litus
515 1634 676 1712 multaque
691 1633 841 1694 animalia
861 1633 956 1693 maris
979 1633 1069 1694 siccis
1093 1633 1218 1695 harenis

216 1739 387 1800 detinebat.
429 1740 481 1800 Ab
495 1739 594 1799 altero
608 1740 706 1799 latere
720 1739 818 1798 nubes
836 1744 906 1799 atra
919 1744 951 1798 et
965 1737 1120 1798 horrenda
1134 1738 1218 1814 ignei

218 1844 349 1923 spiritus
376 1844 469 1906 tortis
494 1844 688 1921 vibratisque
713 1843 905 1904 discursibus
933 1850 1027 1921 rupta
1048 1843 1082 1902 in
1109 1844 1218 1920 longas

217 1948 413 2011 flammarum
427 1949 544 2026 figuras
559 1948 755 2009 dehiscebat:
771 1948 949 2023 fulguribus
965 1947 1039 2008 illae
1053 1954 1085 2008 et
1099 1949 1218 2010 similes
1238 1966 1266 2011 15

168 2072 198 2119 10
218 2061 250 2115 et
262 2056 395 2118 maiores
415 2063 513 2118 erant.
555 2058 635 2116 Tum
650 2076 724 2117 vero
746 2057 830 2117 idem
851 2057 906 2117 ille
920 2075 958 2116 ex
973 2055 1131 2133 Hispania
1145 2056 1219 2116 ami·

217 2177 272 2220 cus
299 2161 401 2222 acrius
429 2168 461 2222 et
488 2161 659 2223 instantius
682 2161 726 2223 ‘si
746 2162 862 2221 frater'
884 2161 989 2238 inquit
1017 2167 1116 2236 ‘tuna
1144 2166 1218 2220 tuus

217 2266 389 2327 avunculus
414 2266 501 2341 vivit,
525 2267 594 2326 vult
616 2285 684 2327 esse
709 2285 764 2326 vos
788 2265 908 2326 salvos:
931 2267 958 2326 si
986 2265 1088 2343 periit,
1115 2283 1219 2343 super-

218 2369 308 2432 stites
323 2371 440 2431 voluit:
463 2372 592 2449 proinde
614 2372 691 2448 quid
712 2372 841 2431 cessatis
863 2370 1037 2430 evadere?'
1080 2371 1218 2448 Respon-

217 2474 320 2536 dimus
345 2495 407 2537 non
432 2476 650 2536 commissuros
675 2495 731 2536 nos
753 2483 790 2536 ut
811 2476 849 2536 de
872 2475 973 2536 salute
996 2475 1082 2535 illius
1105 2474 1217 2535 incerti
1236 2487 1266 2533 aa

166 2585 341 2644 11nostrae
368 2580 608 2641 consuleremus.
650 2582 723 2640 Non
751 2586 889 2641 moratus
911 2581 996 2640 ultra
1023 2580 1157 2657 proripit
1184 2598 1217 2640 se

216 2683 377 2763 effusoque
391 2704 483 2745 cursu
498 2685 638 2764 periculo
661 2686 811 2745 aufertur.
854 2686 922 2745 Nec
944 2685 1045 2745 multo
1067 2690 1138 2763 post
1160 2685 1217 2744 illa

215 2790 314 2850 nubes
332 2789 519 2851 descendere
541 2791 703 2864 interrae,
726 2791 846 2868 operire
868 2791 980 2850 maria:
1004 2790 1144 2850 cinxerat
1162 2790 1217 2850 Ca

215 2912 306 2972 preas
330 2901 362 2955 et
385 2896 604 2956 absconderat:
628 2895 744 2955 Miseni
761 2896 844 2973 quod
865 2895 1020 2973 procurrit
1034 2894 1213 2954 abstulerat.

165 3006 196 3052 12
215 2998 296 3058 Tum
310 3005 410 3060 mater
424 3018 519 3073 orare,
534 3000 663 3074 hortari,
679 3000 784 3059 iubere
799 3020 923 3077 quoquo
944 2999 1035 3059 modo
1056 3000 1214 3074 fugerem3
1234 3013 1264 3058 ao

214 3121 306 3182 posse
326 3104 410 3163 enim
432 3104 584 3178 iuvenem,
601 3123 633 3165 se
648 3110 679 3164 et
691 3105 781 3165 annis
796 3113 828 3164 et
842 3123 968 3181 corpore
989 3122 1115 3180 gravem
1137 3104 1215 3163 bene

214 3208 407 3284 morituram,
424 3209 451 3269 si
465 3209 544 3268 mihi
565 3228 659 3269 causa
678 3209 789 3269 mortis
812 3229 875 3269 non
892 3209 1014 3270 fuisset.
1057 3210 1125 3285 Ego
1147 3226 1216 3267 con-

213 3317 265 3372 tra
287 3313 410 3373 salvum
424 3332 473 3373 me
488 3313 550 3373 nisi
571 3332 634 3373 una
646 3333 709 3373 non
723 3315 879 3374 futurum:
905 3314 978 3374 dein
1000 3332 1126 3372 manum
1147 3312 1214 3372 eius

214 3416 388 3495 amplexus,
403 3418 517 3478 addere
539 3419 669 3493 gradum
684 3437 767 3495 cogo.
810 3420 905 3479 Paret
926 3437 1017 3495 aegre
1030 3424 1214 3495 incusatque

165 3541 195 3587 13
215 3540 247 3583 se
268 3523 353 3600 qnod
380 3542 428 3582 me
457 3529 602 3583 moretur.
647 3527 713 3583 Iam
740 3524 828 3598 cinis,
850 3525 951 3584 adhuc
975 3529 1080 3583 tamen
1108 3542 1212 3583 rarus:
1233 3540 1263 3587 ³0

214 3628 363 3705 respici0;
388 3628 485 3688 densa
508 3628 608 3704 caligo
633 3629 729 3704 tergis
754 3629 946 3703 imminebat,
971 3647 1050 3706 quae
1078 3648 1134 3688 nos
1155 3634 1215 3688 tor·

214 3731 313 3792 rentis
341 3733 433 3792 modo'
460 3732 567 3794 infusa
594 3739 697 3793 terrae
722 3734 918 3811 sequebatur.
970 3733 1213 3794 ‘Deflectamus'
