2782 4164
211 285 254 352 52
636 300 666 352 c.
686 300 787 350 rnnu

210 469 319 530 mines.
361 470 531 530 Nemeum
546 470 580 530 in
594 470 737 531 omnibus
753 471 845 531 rebus
867 476 934 530 tum
955 469 988 529 in
1010 469 1216 548 disponendis

209 574 416 636 facultatibus
438 574 608 653 plurimum
629 576 690 636 tibi
710 582 743 636 et
762 595 838 636 usus
866 583 899 637 et
922 575 1140 653 providentiae
1168 595 1216 637 su·

210 686 322 757 penest.
364 680 452 742 Vale.

621 852 675 914 so.
703 850 803 930 (xx.)

374 1019 404 1070 Ο.
429 1019 574 1072 PLINIUS
598 1018 729 1071 uussm
752 1019 905 1072 MAXIMO
929 1018 997 1072 SUO
1021 1018 1047 1071 S.

529 1167 584 1218 The
597 1168 722 1218 ballerin
735 1169 777 1219 tte
792 1167 895 1219 Senote.

250 1313 466 1373 Meministine
477 1319 509 1372 to
520 1332 612 1390 saepe
627 1314 741 1388 legisse
756 1319 890 1391 quantas
905 1313 1121 1375 contentiones
1135 1313 1216 1374 exoi-
1235 1329 1249 1375 1

174 1430 190 1475 o
210 1420 287 1480 tarit
300 1419 352 1478 lex
366 1418 533 1479 tabellaria
551 1425 766 1495 quantumque
781 1419 842 1496 ipsi
857 1419 951 1479 latori
966 1419 1015 1478 vel
1031 1419 1148 1495 gloriae
1163 1418 1214 1479 vel

209 1523 461 1603 reprehensionis
486 1523 655 1583 attulerit?
704 1524 749 1583 At
770 1541 852 1584 nuno
874 1523 905 1583 in
928 1530 1040 1584 senatu
1061 1524 1129 1584 sine
1148 1524 1250 1585 ulla2

210 1628 405 1690 dissensione
426 1628 484 1688 hoc
506 1628 588 1687 idem
609 1634 646 1688 ut
666 1628 819 1706 optimum
842 1628 975 1706 placuit:
1002 1648 1109 1689 omnes
1123 1630 1215 1688 comi-

210 1735 326 1794 tiorum
354 1734 405 1792 die
431 1733 565 1792 tabellas
586 1732 833 1810 postulaverunt.
877 1734 1118 1793 Excesseramus
1139 1753 1215 1794 sane
1235 1747 1250 1794 3

210 1839 389 1899 manifestis
417 1837 482 1896 illis
511 1837 690 1915 apertisque
719 1838 878 1913 suffragiis
910 1837 1071 1897 licentiam
1099 1840 1215 1898 contio

162 1956 190 2002 10
210 1964 294 2005 num.
336 1944 554 2020 Non·tempus
576 1942 734 2019 loquendi,
749 1962 812 2002 non
828 1943 952 2003 tacendi
973 1944 1136 2019 modestia,
1151 1964 1215 2004 non

210 2050 346 2127 denique
360 2047 490 2109 sedendi
505 2047 643 2122 dignitas
658 2048 900 2108 custodiebatur.
944 2049 1053 2125 Magni
1072 2049 1214 2127 undique
1233 2060 1250 2105 4

210 2154 390 2230 dissonique
410 2152 569 2226 clamores,
586 2153 810 2229 procurrebant
825 2172 931 2213 omnes
945 2173 1016 2213 oum
1032 2153 1097 2214 suis
1111 2154 1216 2213 candi-

210 2259 303 2333 datis,
314 2258 416 2317 multa
424 2257 551 2333 agmina
565 2257 599 2316 in
612 2257 716 2316 medio
730 2258 883 2335 multique
897 2258 1006 2317 circuli
1021 2264 1053 2318 et
1068 2259 1216 2318 indecora

209 2363 368 2424 confusio:
399 2363 476 2422 adeo
499 2362 730 2423 desciveramus
753 2381 773 2421 a
793 2363 1016 2422 consuetudine
1037 2369 1213 2440 parentum,

162 2483 189 2527 lo
209 2469 294 2546 apud
308 2487 385 2546 quos
400 2467 505 2527 omnia
520 2466 674 2544 disposita
695 2467 855 2528 moderata
875 2467 1056 2545 tranquilla,
1071 2467 1215 2528 maiesta-

209 2579 273 2633 tem
301 2572 362 2632 looi
389 2571 601 2649 pudoremque
626 2572 812 2631 retinebant.
856 2572 1031 2649 Supersunt
1052 2591 1152 2647 senes,
1174 2583 1248 2633 exn

209 2678 323 2756 quibus
351 2677 458 2736 audire
487 2675 571 2736 soleo
598 2676 682 2735 huno
707 2676 846 2735 ordinem
871 2676 1084 2737 comitiorum:
1114 2677 1214 2738 citato

209 2783 335 2842 nomine
356 2780 517 2842 candidati
539 2780 699 2840 silentium
723 2800 893 2856 summum;
922 2781 1047 2842 dicebat
1067 2782 1135 2859 ipse
1156 2802 1214 2861 pro

209 2907 251 2963 se,
274 2886 452 2965 explicabat
472 2885 571 2944 vitam
597 2905 694 2959 suam,
717 2892 813 2946 testes
842 2892 873 2946 et
900 2886 1079 2947 laudatores
1107 2888 1212 2963 dabat,

159 3012 189 3057 no
209 2992 261 3053 vel
275 3011 346 3051 eum
361 2992 418 3051 sub
432 3010 494 3067 quo
509 2990 702 3050 militaverat
716 2991 766 3049 vel
785 3010 855 3050 eum
875 2991 926 3051 cui
946 2999 1093 3069 quaestor
1107 2993 1214 3054 fuerat

209 3096 260 3157 vel
280 3101 458 3173 utrumque,
475 3095 502 3154 si
522 3101 654 3172 poterat,
676 3095 812 3155 addebat
832 3097 982 3172 quosdam
1004 3115 1043 3156 ex
1065 3097 1215 3174 suffraga—

208 3201 345 3261 toribus:
374 3200 423 3259 illi
445 3199 583 3275 graviter
605 3205 637 3259 et
658 3200 765 3277 paucis
793 3200 1009 3276 loquebantur.
1053 3201 1131 3261 Plus
1153 3202 1213 3262 hoc
1233 3209 1249 3254 6

209 3325 303 3384 quarn
324 3322 430 3382 preces
452 3305 606 3381 proderat.
649 3305 722 3363 Nou
752 3323 921 3381 numquam
950 3305 1135 3366 candidatus
1157 3313 1214 3367 aut

209 3411 329 3471 natales
357 3408 571 3486 competitoris
593 3415 648 3468 aut
669 3427 766 3468 annos
788 3409 959 3468 autetiam
980 3429 1081 3469 mores
1106 3429 1213 3488 argue

159 3536 187 3582 25
208 3516 270 3576 bat.
313 3513 468 3573 Audiebat
490 3519 615 3573 senatus
638 3513 792 3588 gravitate
816 3514 963 3573 censoria.
1007 3514 1059 3575 Ita
1086 3516 1213 3593 saepius

208 3619 297 3695 digni
318 3637 412 3696 quam
434 3616 565 3694 gratiosi
582 3617 814 3695 praevalebant.
858 3617 942 3687 Quae
958 3638 1041 3678 nuno
1055 3619 1213 3681 inmodico
1233 3629 1248 3677 '1

207 3724 315 3784 favore
340 3728 495 3801 corrupta,
517 3722 557 3782 ad
578 3721 676 3782 tacita
697 3720 847 3797 suffragia
868 3722 957 3800 quasi
979 3723 1019 3784 ad
1039 3724 1213 3785 remedium
