2782 4164
508 318 769 372 nrisrunanuu
791 318 840 370 vu
860 317 901 372 sa
1162 309 1205 376 89

202 492 244 554 de
269 491 425 554 avunonlo
447 493 586 556 nuntius
629 494 718 554 Haeo
736 510 933 572 nequaquam
954 490 1089 553 historia
1109 491 1205 570 digna

201 616 267 658 non
280 596 454 677 scripturus
474 598 559 677 leges
580 604 613 659 et
629 597 698 674 tibi,
714 598 835 659 scilieet
855 597 910 676 qui
931 596 1102 676 requisisti,
1116 596 1205 677 inpu-

201 702 296 780 tabis,
309 702 339 767 ai
352 701 450 782 digna
461 722 501 764 ne
515 702 652 784 epistula
664 703 791 783 quidem
805 702 1003 764 videbuntur.
1046 701 1133 765 Vale.

596 933 649 996 72
673 930 807 1013 (xxx.)

332 1086 364 1143 0.
384 1088 529 1143 PLINIUS
551 1089 698 1141 FABATO
720 1088 934 1142 Pnosocmto
957 1089 1025 1141 SUO
1047 1087 1074 1142 S.

443 1237 534 1289 About
546 1251 563 1288 n
574 1243 686 1300 country
698 1243 779 1288 estote
792 1238 825 1301 os
833 1237 961 1288 Fabatus.

166 1396 180 1442 1
240 1381 399 1444 Debemus
426 1381 603 1443 mehercule
630 1382 752 1442 natales
777 1387 848 1443 tuos
869 1382 999 1460 perinde
1020 1400 1055 1442 ao
1079 1387 1202 1443 nostros

200 1486 366 1563 celebrare,
380 1505 450 1547 oum
469 1486 592 1548 laetitia
611 1495 789 1548 nostrorum
809 1505 848 1546 ex
869 1487 933 1547 tuis
955 1487 1098 1565 pendeat,
1114 1486 1236 1550 euiusu

165 1609 181 1654 a
201 1591 368 1668 diligentia
381 1598 414 1652 et
432 1610 507 1652 cura
527 1592 579 1652 hio
600 1591 725 1666 hilares,
741 1591 814 1651 istie
836 1591 937 1652 securi
958 1610 1073 1652 sumus,
1115 1591 1203 1652 Villa

201 1696 398 1773 Camilliana,
408 1716 502 1775 quam
514 1697 548 1756 in
559 1697 731 1775 Campania
742 1697 892 1775 possides,
904 1701 954 1757 est
962 1696 1088 1773 quidem
1099 1702 1203 1757 vetus·

200 1807 266 1863 tate
279 1808 411 1879 vexata,
434 1820 471 1862 ea
491 1808 598 1862 tamen
614 1820 694 1879 quae
711 1807 785 1862 sunt
804 1801 988 1880 pretiosiora
1009 1807 1064 1862 aut
1079 1801 1203 1878 integra

165 1912 329 1968 emanent
355 1912 411 1967 aut
438 1906 595 1967 levissime
618 1907 703 1967 laesa
724 1912 805 1966 sunt.
847 1906 1051 1966 Attendimus
1072 1924 1145 1982 ergo
1165 1912 1202 1966 ut

201 2031 294 2091 quam
309 2011 512 2073 saluberrime
527 2011 714 2072 reficiantur.
757 2012 825 2086 Ego
838 2011 947 2071 videor
957 2011 1071 2071 habere
1085 2011 1202 2072 multos
1222 2031 1251 2076 ro

200 2116 325 2192 amieos,
338 2117 393 2178 sed
407 2115 502 2178 huius
516 2117 638 2194 generis
653 2116 741 2177 ouius
756 2122 788 2176 et
802 2122 838 2176 tu
852 2117 977 2194 quaeris
992 2122 1025 2176 et
1038 2134 1088 2177 res
1103 2117 1202 2193 exigit

164 2255 182 2301 4
200 2240 296 2300 prope
310 2222 475 2283 neminem.
519 2224 600 2283 Sunt
614 2224 698 2282 enim
713 2241 819 2282 omnes
833 2221 933 2297 togati
948 2227 980 2282 et
993 2221 1121 2282 urbani:
1138 2241 1203 2282 rus-

199 2326 333 2387 ticorum
353 2333 458 2388 autem
488 2327 686 2406 praediorum
712 2326 946 2387 administratio
966 2327 1068 2404 poscit
1088 2327 1201 2387 durum

200 2431 337 2510 aliquem
358 2438 390 2492 et
410 2440 574 2509 agrestem,
592 2433 642 2492 oui
662 2450 720 2492 neo
741 2431 829 2492 labor
850 2430 904 2492 ille
925 2432 1030 2508 gravis
1051 2449 1107 2491 neo
1128 2448 1202 2491 cura

164 2556 181 2603 t
200 2537 327 2598 sordida
339 2555 396 2597 neo
411 2537 513 2597 tristis
524 2536 660 2597 solitudo
676 2537 830 2596 videatur.
873 2538 922 2596 Tu
936 2537 975 2596 de
989 2536 1075 2595 Rufo
1093 2534 1203 2596 hones·
1221 2553 1250 2599 15

200 2641 322 2703 tissime
349 2641 486 2718 cogitas:
522 2641 586 2702 fuit
614 2641 698 2701 enim
725 2640 791 2701 filio
818 2647 874 2701 tuo
898 2640 1074 2701 familiaris
1119 2639 1202 2710 Quid

200 2751 307 2807 temen
319 2747 410 2807 nobis
429 2746 473 2806 ibi
494 2753 653 2824 praestare
674 2745 775 2824 possit
795 2745 913 2823 ignoro,
928 2744 1010 2804 velle
1031 2744 1203 2823 plurimum

200 2851 301 2912 eredo.
342 2851 431 2911 Vale.

568 2976 620 3038 re.
648 2973 837 3056 (xxm.)

447 3135 477 3188 C.
499 3134 643 3186 PLINIUS
666 3132 821 3185 ROMANO
844 3133 912 3184 SUO
935 3132 961 3184 S.

350 3283 377 3336 A
387 3283 518 3336 oontesoed
528 3284 584 3334 will
595 3295 654 3333 ease
666 3282 696 3331 in
708 3281 750 3332 tte
766 3279 951 3331 (lenturnviral
967 3279 1056 3331 Gourt.

166 3446 180 3492 1
242 3428 376 3491 ‘Tollite
390 3427 520 3490 ounota'
535 3427 640 3506 inquit
655 3430 860 3504 ‘coeptosque
875 3424 998 3485 auferte
1012 3423 1155 3486 labores!

202 3536 265 3598 Seu
279 3535 389 3597 scribis
403 3533 525 3612 aliquid
540 3551 595 3593 seu
615 3531 704 3608 legis,
720 3530 791 3590 tolli
813 3529 931 3590 auferri
952 3529 1024 3590 iube
1044 3535 1078 3590 et
1098 3529 1202 3608 aooipe
1221 3548 1251 3594 no

201 3641 373 3702 orationem
393 3657 504 3714 meam,
525 3642 562 3697 ut
582 3637 638 3697 illa
659 3654 753 3711 arma,
770 3635 910 3695 divinam
929 3633 1017 3714 (num
1039 3634 1202 3712 superbius

200 3746 291 3824 potui
299 3747 340 3828 t),
352 3763 385 3812 re
399 3763 482 3818 vers,
495 3748 532 3803 ut
545 3742 628 3802 inter
642 3759 736 3815 meas,
748 3739 929 3818 pulohram;
950 3757 1024 3801 nam
1034 3738 1115 3800 mihi
1125 3738 1202 3800 satis
