2782 4164
623 315 653 367 C.
674 315 773 364 PLINI

603 522 656 584 ³⁵.
684 519 790 602 (ΧΠ.)

358 679 390 731 C.
414 680 558 730 PLINIUS
581 679 729 731 CATILIO
752 678 896 730 SEVERO
920 678 987 730 SUO
1011 677 1037 730 S.

419 825 501 887 Pliny
513 831 615 886 accepts
627 839 664 875 on
676 825 821 874 invitation
834 830 861 874 to
873 824 976 873 diener.

235 966 369 1028 Veniam
383 967 424 1027 ad
438 985 555 1041 cenam,
571 967 627 1026 sed
641 966 704 1026 iam
722 985 805 1025 nunc
822 965 961 1043 paciscor
981 964 1024 1025 sit
1041 964 1198 1042 expedita,
1218 983 1233 1029 1

196 1072 238 1133 sit
259 1090 361 1150 parca,
380 1071 546 1133 SocratIcis
567 1077 692 1131 tanturn
711 1070 904 1132 sermonibus
926 1070 1073 1143 abundet,
1092 1069 1127 1128 in
1147 1069 1199 1130 his

115 1178 150 1277 ἰ·ι
196 1196 318 1254 quoque
333 1182 440 1237 teneat
453 1176 588 1235 modum.
630 1177 733 1236 Erunt
747 1174 847 1235 officia
862 1175 1055 1250 antelucana,
1070 1173 1105 1233 iu
1119 1193 1199 1251 quae
1218 1189 1234 1235 t

131 1264 136 1273 ⁵
195 1282 332 1342 incidere
356 1282 473 1359 inpune
497 1299 537 1340 ne
562 1281 675 1341 Catoni
699 1280 828 1358 quidem
851 1280 950 1355 licuit,
976 1299 1069 1357 quem
1092 1285 1199 1340 tamen

149 1402 174 1447 ,o
196 1387 228 1447 O.
245 1388 359 1448 Caesar
374 1387 420 1446 ita
434 1386 635 1463 reprehendit
653 1392 690 1445 ut
708 1385 824 1445 laudet.
867 1384 1026 1445 Describit
1043 1385 1127 1444 enim
1146 1402 1198 1445 eos
1218 1398 1234 1445 3

195 1492 308 1569 quibus
333 1491 443 1551 obvius
470 1491 569 1549 fuerit
594 1509 664 1549 cum
688 1497 783 1568 caput
807 1489 886 1549 ebrii
910 1489 1108 1566 retexissent,
1133 1509 1199 1549 eru·

195 1597 316 1657 buisse:
340 1596 452 1654 deinde
467 1595 563 1655 adicit
578 1600 722 1673 ‘putares
742 1614 805 1653 non
824 1593 947 1654 abillis
967 1594 1126 1669 Catonem,
1142 1595 1198 1655 sed

195 1702 266 1762 illos
288 1720 307 1761 a
327 1702 444 1762 Catone
466 1700 694 1777 deprehensos!
736 1700 885 1760 Potuitne
906 1699 978 1776 plus
1000 1699 1198 1762 auctoritatis

194 1807 293 1866 tribui
307 1805 419 1867 Catoni
433 1806 565 1882 quamsi
577 1805 680 1865 ebrius
696 1823 819 1882 quoque
830 1810 896 1864 tam
907 1804 1093 1865 venerabilis
1104 1807 1196 1865 erat?

146 1928 175 1974 10
193 1912 329 1970 Nostrae
342 1916 448 1971 tamen
462 1929 556 1970 cenae
573 1916 609 1969 ut
626 1916 794 1988 apparatus
812 1915 845 1969 et
862 1908 1003 1986 inpendii
1020 1908 1065 1969 sic
1081 1915 1199 1987 tempo
1216 1927 1233 1973 4

194 2016 238 2075 ris
253 2016 363 2076 modus
378 2019 507 2075 constet.
542 2016 654 2092 Neque
669 2014 752 2073 enim
767 2014 795 2073 ei
810 2033 917 2074 sumus
929 2033 1006 2092 quos
1018 2014 1197 2092 vituperare

193 2138 233 2179 ne
248 2119 367 2179 inimici
381 2120 509 2197 quidem
523 2119 646 2197 possint
659 2119 722 2179 nisi
735 2124 772 2179 ut
786 2118 879 2178 simul
893 2119 1031 2179 laudent.
1073 2117 1160 2179 Vale.

590 2363 643 2425 ae.
672 2361 796 2443 (xm.)

340 2522 370 2573 C.
397 2521 541 2571 PLINIUS
564 2520 725 2571 VOCONIO
748 2520 904 2571 ROMANO
928 2520 996 2571 SUO
1019 2521 1045 2572 S.

339 2664 393 2715 The
407 2666 557 2727 Ponepyric
567 2667 592 2714 is
603 2671 661 2714 sent
672 2670 698 2715 to
712 2665 848 2715 Voconius
854 2666 903 2728 for
914 2667 1049 2716 colticism.

232 2809 363 2868 Librum
382 2827 443 2884 quo
462 2825 561 2884 nuper
579 2806 697 2884 optimo
718 2807 855 2884 principi
875 2807 984 2867 consul
1006 2807 1122 2883 gratias
1144 2808 1195 2884 egi
1216 2819 1229 2864 1

192 2914 264 2973 misi
284 2911 422 2987 exigenti
441 2911 509 2986 tibi,
525 2911 686 2987 missurus,
707 2911 767 2971 etsi
787 2931 850 2970 non
868 2912 1033 2988 exegisses.
1077 2912 1116 2970 In
1135 2912 1193 2972 hoo
1214 2927 1230 2973 t

143 3034 171 3080 lc
191 3017 368 3078 consideres
383 3015 478 3074 velim
495 3021 531 3074 ut
549 3016 817 3093 pulchritudinem
835 3016 984 3076 materiae
1002 3016 1048 3075 ite
1066 3016 1194 3076 difficul-

191 3128 296 3183 tatem.
339 3121 380 3179 In
400 3122 509 3180 ceteris
532 3121 615 3180 enim
636 3121 783 3180 lectorem
803 3121 927 3180 novitas
948 3121 1017 3198 ipsa
1036 3120 1193 3181 intentum

191 3227 295 3302 habet,
315 3226 349 3285 in
363 3225 422 3285 hac
441 3231 516 3285 nota
535 3225 663 3301 vulgata
684 3225 860 3285 dictasunt
879 3225 1000 3300 omnia3
1023 3245 1084 3302 quo
1102 3225 1139 3286 fit
1156 3231 1194 3286 ut

191 3330 282 3410 quasi
304 3331 421 3391 otiosus
442 3349 629 3407 securusque
651 3330 748 3389 lector
769 3335 893 3389 tantum
908 3330 1077 3390 elocutioni
1094 3336 1192 3406 vacet,

191 3438 224 3496 in
249 3455 311 3514 qua
336 3435 517 3496 satisfacere
542 3435 701 3494 difficilius
726 3441 783 3509 est,
806 3454 877 3494 cum
905 3435 971 3495 sola
998 3435 1191 3496 aestimatur.

141 3560 170 3606 20
190 3542 297 3618 Atque
317 3525 439 3601 utinam
458 3541 532 3599 ordo
552 3540 663 3600 saltem
684 3546 716 3599 et
736 3540 889 3598 transitus
911 3546 943 3598 et
962 3539 1079 3614 figurae
1098 3540 1193 3600 simul
1213 3549 1228 3595 3

190 3647 421 3724 spectarentur!
462 3645 546 3703 Nam
562 3644 702 3703 invenire
717 3645 882 3721 praeclare,
898 3645 1061 3704 enuntIare
1076 3645 1193 3720 magni-

189 3751 247 3812 fice
266 3751 425 3810 interdum
445 3749 540 3809 etiam
560 3748 684 3809 barbari
706 3749 817 3824 solent,
837 3748 1001 3826 disponere
1020 3755 1101 3827 epte,
1116 3749 1192 3825 figu-
