2782 4164
528 281 790 332 nrlsrunnnum
814 281 849 333 11.
870 281 894 333 e.
1165 271 1206 335 23

201 453 306 532 opima
320 453 482 530 quaedam,
497 452 609 512 ceteris
625 452 702 512 vilia
716 459 748 512 et
762 453 884 513 minuta
903 453 1046 531 ponebat.
1089 454 1207 515 Vinum

201 558 296 619 etiam
315 557 453 636 parvolis
468 557 644 633 lagunculis
659 557 693 616 in
707 558 770 618 tria
784 576 899 635 genera
919 558 1128 636 discripserat,
1144 579 1207 619 non

200 669 237 723 ut
250 669 391 742 potestas
406 662 552 739 eligendi,
568 663 623 722 sed
637 682 676 722 ne
690 663 740 723 ius
755 670 838 724 esset
852 663 1025 738 recusandi,
1041 663 1128 724 aliud
1146 665 1207 725 sibi

201 774 233 828 et
253 768 353 844 nobis,
373 768 461 829 aliud
482 768 654 828 minoribus
676 768 784 829 amicis
807 767 893 848 (nam
914 769 1069 845 gradatim
1091 769 1206 830 amicos

164 888 180 933 3
200 873 320 955 habet),
335 873 423 934 aliud
442 873 507 933 suis
524 873 703 951 nostrisque
722 874 853 934 libertis.
896 873 1131 934 Animadvertit
1152 874 1206 952 qui
1227 888 1241 932 t

200 978 280 1038 mihi
301 979 461 1056 proximus
481 978 680 1039 recumbebat
701 984 733 1038 et
753 998 794 1038 an
814 980 976 1056 probarem
991 978 1204 1055 interrogavit.

200 1083 331 1159 Negavi.
376 1085 440 1142 ‘Tu
457 1084 547 1159 ergo'
564 1083 669 1160 inquit
690 1089 801 1161 ‘quam
822 1084 1080 1144 consuetudinem
1102 1102 1207 1161 seque

201 1189 290 1248 ris?’
332 1188 469 1248 ‘Eadem
490 1188 635 1248 omnibus
657 1208 755 1266 pono:
784 1189 825 1248 ad
846 1207 952 1248 cenam
975 1189 1067 1264 enim,
1082 1208 1145 1264 non
1166 1189 1206 1248 ad

200 1299 308 1354 notam
335 1293 436 1353 invito
464 1293 647 1370 cunctisque
672 1294 764 1354 rebus
788 1312 926 1371 exaequo
948 1313 1026 1371 quos
1047 1313 1155 1354 mensa
1175 1300 1206 1354 et

163 1404 269 1462 4tor0
288 1398 440 1477 aequavi!
483 1398 646 1457 ‘Etiamne
668 1380 840 1459 libertos?'
884 1399 1024 1459 ‘Etiam
1053 1398 1253 1461 convictore

201 1522 250 1564 res
272 1504 355 1563 enim
376 1509 461 1578 tunc,
483 1522 546 1562 non
567 1502 696 1562 libertos
718 1503 814 1580 puto'
855 1504 898 1563 Et
919 1503 974 1563 ille
996 1509 1126 1581 ‘magno
1146 1503 1206 1563 tibi

201 1609 368 1669 constat?'
411 1607 580 1666 ‘Minime'
622 1608 699 1678 ‘Qui
711 1608 780 1667 fieri
792 1610 939 1685 potest?’
978 1609 1075 1688 ‘Quia
1086 1609 1206 1669 scilicet

200 1712 307 1773 liberti
321 1713 384 1772 mei
398 1731 461 1772 non
475 1714 560 1772 idem
574 1713 657 1791 quod
672 1731 728 1788 ego
743 1713 862 1788 bibunt,
879 1714 934 1773 sed
954 1713 1037 1772 idem
1052 1732 1109 1789 ego
1123 1713 1206 1790 quod

163 1817 327 1885 sliberti'
368 1819 411 1878 Et
432 1817 558 1878 hercule
573 1818 600 1877 si
615 1817 706 1893 gulae
725 1823 887 1894 temperes,
903 1837 966 1877 non
980 1824 1028 1878 est
1042 1836 1205 1878 onerosum

202 1942 264 2000 quo
290 1923 389 1983 utaris
417 1922 484 2001 ipse
512 1923 740 1983 communicare
762 1923 1004 2000 cumpluribus.
1047 1923 1110 1982 Illa
1133 1942 1206 1999 ergo
1227 1936 1255 1982 15

201 2028 408 2106 reprimenda,
423 2028 480 2088 illa
494 2028 584 2105 quasi
599 2028 632 2086 in
647 2027 787 2086 ordinem
807 2028 976 2103 redigenda
990 2033 1047 2102 est,
1063 2028 1090 2087 si
1105 2048 1207 2105 sump

202 2132 287 2193 tibus
311 2151 430 2210 parcas,
456 2133 569 2210 quibus
599 2132 761 2210 aliquanto
788 2134 903 2193 rectius
930 2138 987 2192 tua
1013 2133 1207 2192 continentia

163 2255 296 2316 equam
324 2238 428 2298 aliena
454 2238 644 2297 contumelia
671 2237 823 2297 consulas.
873 2237 1010 2307 Quorsus
1035 2237 1138 2296 haec?
1167 2256 1206 2296 ne

201 2342 270 2418 tibi,
286 2343 422 2419 optimae
437 2342 552 2403 indolis
568 2342 684 2416 iuveni,
701 2343 895 2420 quorundam
910 2342 944 2400 in
958 2361 1066 2402 mensa
1083 2342 1208 2401 luxuria

202 2447 305 2525 specie
325 2447 520 2522 frugalitatis
542 2447 681 2525 inponat.
725 2447 880 2508 Convenit
895 2454 998 2506 autem
1013 2447 1112 2506 amori
1126 2447 1159 2505 in
1174 2453 1206 2506 te
1226 2463 1256 2508 20

202 2570 280 2627 mec,
295 2552 441 2629 quotiens
456 2552 519 2611 tale
534 2552 656 2629 aliquid
670 2552 825 2626 inciderit,
841 2553 898 2612 sub
914 2551 1056 2628 exemplo
1071 2571 1207 2629 pracmo

164 2675 275 2723 unere
295 2656 372 2734 quid
392 2657 504 2717 debeas
522 2657 639 2732 fugere.
683 2657 786 2734 Igitur
814 2663 970 2716 memento
998 2655 1078 2715 nihil
1107 2657 1205 2731 magis

201 2780 270 2821 esse
292 2762 455 2822 vitandum
477 2781 569 2839 quam
591 2762 685 2822 istam
714 2762 856 2821 luxuriae
878 2767 909 2820 et
931 2761 1069 2821 sordium
1094 2780 1206 2820 novam

202 2866 400 2943 societatem3
426 2885 505 2944 quae
528 2885 598 2926 cum
621 2867 684 2926 sint
705 2867 889 2944 turpissima
910 2865 1045 2925 discreta
1066 2884 1101 2925 ac
1123 2884 1208 2943 sepa

201 2977 279 3048 rata,
293 2971 418 3050 turpius
432 2971 612 3047 iunguntur.
655 2973 742 3033 Vale.
1227 2989 1256 3035 25

602 3198 654 3258 21.
684 3195 805 3277 (vm.)

446 3343 476 3393 C.
502 3343 647 3392 PLINIUS
671 3342 821 3392 CANINIO
845 3343 912 3393 SUO
937 3343 965 3393 S.

258 3477 360 3530 Unable
372 3482 399 3528 to
412 3478 483 3527 leuce
496 3483 574 3536 town,
590 3478 674 3537 Pliny
686 3478 773 3525 enodes
785 3477 828 3525 bis
834 3477 929 3538 friend
940 3477 969 3524 in
982 3477 1023 3526 the
1035 3482 1153 3538 country.

166 3628 179 3673 1
244 3608 357 3669 Studes
369 3627 409 3667 an
419 3607 550 3685 piscaris
563 3626 603 3666 an
614 3607 737 3666 venaris
750 3626 789 3666 an
801 3606 895 3666 simul
908 3607 1036 3666 omnia?
1069 3607 1207 3667 Possunt

201 3713 286 3774 enim
301 3712 406 3773 omnia
422 3712 515 3773 simul
532 3712 601 3771 fieri
623 3714 662 3772 ad
684 3712 812 3772 Larium
829 3718 980 3772 nostrum.
1022 3712 1105 3770 Nam
1120 3711 1206 3772 lacus
