2782 4164
500 296 762 348 nersrumnou
785 297 834 348 1x.
854 297 897 349 as.
1137 284 1200 353 117

197 469 324 546 quidam
344 468 509 529 audentior
529 469 642 529 ceteris
656 468 690 528 in
704 468 854 530 ulteriora
873 470 1030 530 tendebat.
1073 469 1202 548 Delphi·

196 593 256 634 nus
283 574 426 649 occurrit,
450 579 482 633 et
505 592 588 633 nunc
615 575 799 652 praecedere
826 593 966 653 puerum,
991 593 1074 634 nunc
1101 574 1200 653 sequi,

196 698 279 738 nunc
300 679 472 754 circmnire,
494 684 652 756 postremo
676 679 789 755 subire,
812 679 975 758 deponere,
997 679 1111 740 iterum
1133 680 1202 741 sub·

197 784 251 858 ire,
280 784 552 862 trepidantemque
586 784 726 861 perferre
759 785 896 862 primum
927 785 961 844 in
991 784 1099 861 altum,
1128 804 1202 845 mox

161 888 296 948 11110111
316 888 357 948 ad
377 889 455 949 litus
476 889 643 966 redditque
671 894 772 949 terrae
801 895 833 950 et
861 890 1052 968 aequalibus.
1096 890 1202 968 Serpit
1220 901 1235 948 0

197 1013 252 1071 per
280 993 433 1053 coloniam
457 994 560 1054 fama:
590 1013 771 1054 concurrere
799 1013 915 1071 omnes,
937 995 1040 1073 ipsum
1070 1013 1201 1072 puerum

196 1104 356 1177 tamquam
385 1098 570 1159 miraculum
599 1098 746 1177 aspicere,
772 1099 973 1176 interrogare,
995 1100 1112 1176 audire,
1134 1119 1202 1161 nar-

197 1222 274 1263 rare.
317 1205 448 1264 Postero
476 1204 527 1264 die
555 1204 700 1265 obsident
727 1205 813 1280 litus,
836 1211 1038 1283 prospectant
1059 1224 1145 1266 mare
1169 1211 1201 1266 et

198 1310 226 1369 si
248 1309 325 1387 quid
350 1314 398 1369 est
422 1309 502 1368 mari
524 1309 634 1369 simile.
677 1310 799 1370 Natant
820 1311 926 1388 pueri:
954 1311 1038 1370 inter
1057 1311 1115 1372 hos
1136 1311 1200 1387 1111,

199 1415 253 1473 sed
281 1415 411 1474 cautius.
454 1414 631 1492 Delphinus
660 1434 768 1477 rursus
796 1415 837 1475 ad
863 1421 998 1493 tempus,
1026 1436 1133 1477 rursus
1162 1417 1202 1476 ad
1222 1430 1251 1476 10

198 1538 328 1596 puerum
359 1518 455 1578 venit.
512 1519 608 1595 Fugit
642 1519 696 1579 ille
731 1539 802 1580 cum
836 1520 957 1580 ceteris.
1012 1520 1200 1599 Delphinus,

199 1624 289 1701 quasi
306 1624 421 1684 invitet
442 1627 474 1684 11
495 1630 627 1699 revocet,
638 1624 755 1700 exsilit,
770 1624 923 1700 mergitur
936 1625 1101 1705 variosque
1113 1627 1201 1688 orbes

162 1727 356 1806 sinplicitat
383 1728 582 1806 expeditque.
626 1728 695 1788 Hoc
724 1729 824 1789 altero
852 1729 912 1805 dic,
935 1729 993 1790 hoe
1017 1733 1120 1806 tertio,
1143 1731 1202 1791 hoc

198 1833 350 1911 pluribus,
366 1833 464 1894 donec
478 1834 621 1894 homines
638 1834 808 1896 innutritos
830 1835 909 1895 mari
931 1836 1049 1896 subiret
1069 1836 1202 1897 timendi

198 1939 306 2016 pudor.
359 1939 524 1999 Accedunt
558 1946 590 1998 11
624 1939 780 2000 adludunt
808 1945 840 2000 et
868 1940 1039 2018 appellant,
1067 1947 1203 2017 tangunt
1223 1955 1252 2002 15

199 2045 294 2104 etiam
309 2050 563 2122 pertrectantque
581 2045 790 2122 praebentem.
835 2045 955 2106 Crescit
969 2047 1101 2107 audacia
1113 2065 1204 2125 expe·

199 2150 341 2209 rimento.
384 2150 522 2209 Maxime
544 2168 621 2228 puer
642 2150 697 2227 qui
717 2151 837 2228 primus
859 2157 1006 2229 expertus
1035 2158 1084 2211 est
1110 2152 1204 2212 adna-

199 2254 298 2314 tantis
319 2255 422 2316 insilit
442 2260 538 2330 tergo,
554 2256 656 2314 fertur
677 2255 882 2332 referturque,
898 2256 1024 2331 agnosci
1045 2275 1086 2331 11,
1105 2254 1203 2317 amari

199 2364 300 2436 putat,
321 2364 407 2419 amat
431 2358 515 2437 ipse:
544 2365 655 2419 neuter
677 2360 778 2434 timet,
799 2366 911 2420 neuter
934 2361 1080 2421 timetur:
1108 2361 1203 2422 huius

165 2474 180 2520 '1
199 2462 324 2538 fiducia,
346 2465 553 2524 mansuetudo
574 2464 661 2525 illius
683 2471 821 2542 augetur.
863 2466 931 2525 Neo
952 2484 1015 2525 non
1036 2466 1092 2527 alii
1113 2460 1253 2544 puerine

159 2603 160 2606 =
200 2568 312 2628 dextra
322 2568 471 2647 laevaque
487 2569 581 2630 simul
595 2575 671 2629 eunt
685 2569 847 2630 hortantes
858 2575 1089 2648 monentesque.
1131 2572 1205 2632 Ibat
1249 2587 1252 2591 ’

200 2693 263 2733 una
278 2673 325 2752 (id
339 2692 461 2751 quoque
475 2673 604 2754 mirum)
620 2673 789 2752 delphinus
804 2674 894 2749 alius,
910 2680 1033 2736 tantum
1048 2682 1204 2754 spectator

201 2784 233 2837 et
254 2797 364 2845 comes.
405 2777 498 2838 Nihil
512 2778 596 2838 enim
610 2777 713 2838 simile
727 2786 784 2840 aut
796 2779 934 2840 faciebat
947 2786 1002 2840 aut
1016 2780 1203 2858 patiebatur,

166 2896 181 2942 1
202 2883 256 2943 sed
271 2883 403 2942 alterum
418 2883 509 2943 illum
524 2883 656 2945 ducebat
667 2883 906 2962 reducebatque,
917 2890 954 2944 ut
963 2903 1095 2962 puerum
1108 2886 1205 2946 ceteri

201 2987 299 3066 pueri.
341 2988 539 3065 Incredibile,
559 2994 624 3049 tam
643 3008 752 3048 verum
772 2994 878 3049 tamen
898 3010 993 3068 quam
1013 2991 1126 3068 priora,
1142 2991 1205 3052 del·
1224 3002 1253 3048 aa

201 3092 333 3170 phinum
356 3099 543 3169 gestatorem
565 3093 821 3172 conlusoremque
846 3113 1013 3173 puerorum
1034 3096 1204 3157 interram

202 3216 325 3276 quoque
352 3197 476 3258 extrahi
504 3198 631 3259 solitum
653 3199 841 3277 harenisque
868 3200 1027 3275 siccatum,
1048 3200 1104 3262 ubi
1124 3201 1208 3262 inca·

166 3302 322 3378 eluisset,
350 3303 383 3362 in
411 3322 496 3364 mare
523 3303 651 3364 revolvi.
708 3304 839 3365 Constat
870 3305 1036 3366 Octavium
1062 3305 1204 3383 Avitum,

202 3407 340 3483 legatum
367 3427 424 3486 pro
451 3408 588 3484 consule,
613 3408 647 3468 in
670 3408 748 3469 litus
776 3409 889 3469 educto
923 3409 1073 3486 religione
1108 3415 1208 3489 prava¹

204 3512 419 3591 superfudisse
437 3520 639 3590 unguentum,
655 3514 744 3574 cuius
765 3514 856 3574 illum
877 3515 1050 3575 novitatem
1071 3517 1207 3577 odorem·
1224 3529 1254 3574 ao

204 3616 263 3694 que
283 3618 317 3676 in
336 3618 436 3678 altum
455 3619 609 3695 refugisse
628 3637 685 3678 nec
703 3619 767 3680 nisi
785 3627 858 3697 post
878 3620 994 3682 multos
1015 3620 1083 3682 dies
1102 3610 1205 3682 visum

204 3722 387 3798 languidum
415 3729 447 3784 11
473 3730 637 3800 maestum,
662 3744 735 3784 mox
763 3724 894 3786 redditis
922 3724 1043 3787 viribus
1070 3726 1204 3805 priorem
