2782 4164
644 303 676 358 0.
694 303 795 356 PLINI

635 496 687 557 rs.
717 493 802 575 (rv.)

429 640 462 693 C.
486 640 632 693 PLINIUS
654 640 843 691 CALVINAE
867 639 962 692 SUAE
986 638 1012 691 S.

219 777 302 839 Pliny
314 789 461 827 renounccs
477 776 521 826 tis
536 777 631 826 claime
644 776 753 838 accinet
770 776 812 825 tte
830 780 911 825 estate
924 774 957 837 os
968 772 1108 824 Calvina’s
1119 773 1222 836 father.

259 909 293 968 Si
313 907 455 987 pluribus
473 912 563 984 pater
576 912 651 966 tuus
665 907 716 966 vel
730 907 786 966 uni
801 906 930 966 cuilibet
950 904 1007 966 alii
1028 924 1122 982 quam
1143 905 1222 964 mihi
1243 914 1255 958 1

218 1012 388 1087 debuisset,
403 1012 518 1072 fuisset
532 1010 669 1072 fortasse
690 1010 897 1071 dubitandum
919 1029 960 1070 an
981 1010 1083 1070 adires
1104 1009 1224 1069 heredi·

218 1123 315 1177 tatem
330 1117 425 1177 etiam
441 1115 508 1176 viro
523 1135 658 1192 gravem.
701 1116 780 1177 Cum
795 1134 868 1175 vero
882 1134 939 1191 ego
953 1115 1066 1175 ductus
1081 1113 1224 1174 adfinita
1242 1125 1258 1171 a

217 1222 260 1282 tis
275 1221 383 1296 officio,
400 1221 539 1281 dimissis
553 1221 698 1280 omnibus
713 1220 776 1299 qui,
788 1239 850 1279 non
865 1221 934 1280 dico
948 1219 1152 1296 molestiores,
1168 1220 1223 1281 sed

182 1342 197 1386 e
218 1326 433 1402 diligentiores
451 1330 550 1400 erant,
566 1325 701 1384 creditor
716 1324 800 1385 solus
814 1325 998 1401 exstiterim,
1013 1344 1145 1404 cumque
1166 1344 1224 1401 ego

217 1431 348 1491 nubenti
369 1429 428 1491 tibi
449 1431 483 1489 iu
505 1431 610 1489 dotem
633 1436 758 1490 centum
779 1429 869 1490 milia
883 1430 1073 1503 ,contulerim
1098 1436 1224 1509 praeter

99 1569 100 1573 =
217 1555 285 1596 eam
300 1555 452 1597 summam
468 1554 562 1613 quam
580 1541 670 1613 pater
688 1541 762 1595 tuus
783 1535 874 1613 quasi
895 1536 933 1596 de
953 1555 1023 1596 meo
1044 1536 1127 1596 dixit
1143 1535 1224 1616 (erat

217 1643 301 1704 enim
316 1640 468 1701 solvenda
489 1641 529 1700 de
550 1642 642 1722 meo),
661 1659 809 1717 magnum
830 1641 927 1702 habes
948 1641 1115 1703 facilitatis
1136 1659 1223 1702 meae

217 1747 341 1824 pignus,
356 1745 444 1805 cuius
459 1745 576 1805 fiducia
597 1746 690 1806 debes
711 1746 829 1805 famam
850 1746 993 1806 defuncti
1009 1747 1223 1826 pudoremque

169 1863 198 1908 10
218 1850 392 1929 suscipere3
416 1851 456 1910 ad
470 1851 555 1928 quod
575 1869 615 1911 ne
636 1856 668 1910 te
687 1851 791 1911 verbis
805 1851 905 1928 magis
927 1870 1021 1929 quam
1042 1852 1134 1912 rebus
1155 1852 1224 1911 hor-

217 1962 274 2031 ter,
290 1955 444 2035 quidquid
464 1956 545 2015 mihi
566 1962 656 2034 pater
677 1962 751 2016 tuus
772 1956 890 2031 debuit,
906 1962 1066 2034 acceptum
1081 1956 1141 2017 tibi
1154 1955 1223 2016 fieri

217 2062 337 2121 iubebo.
380 2062 449 2121 Neo
470 2068 519 2122 est
540 2062 623 2139 quod
637 2061 774 2121 verearis
795 2080 834 2120 ne
856 2061 899 2122 sit
919 2061 998 2120 mihi
1018 2080 1149 2121 onerosa
1162 2061 1224 2121 ista
1243 2072 1259 2119 3

218 2166 353 2227 donatio.
397 2167 478 2226 Sunt
499 2166 624 2245 quidem
640 2166 765 2225 omnino
779 2166 869 2227 nobis
884 2167 1024 2226 modicae
1045 2165 1222 2240 facultates,

218 2271 357 2347 dignitas
380 2277 571 2349 sumptuosa,
588 2271 707 2330 reditus
729 2277 856 2349 propter
876 2271 1090 2330 condicionem
1112 2270 1224 2347 agello

169 2393 198 2438 re
218 2396 287 2435 rum
307 2376 413 2437 nescio
427 2377 529 2436 minor
544 2395 584 2435 an
598 2375 761 2435 incertior:
784 2376 839 2435 sed
853 2377 937 2453 quod
950 2381 1052 2436 cessat
1066 2395 1105 2435 ex
1119 2376 1224 2435 reditu

218 2481 402 2558 frugalitate
419 2481 592 2558 suppletur,
605 2499 643 2539 ex
654 2499 716 2557 qua
727 2480 815 2540 velut
829 2480 917 2540 fonte
928 2480 1102 2541 liberalitas
1117 2486 1225 2541 nostra

218 2585 373 2661 decurrit3
395 2604 476 2663 quae
490 2590 596 2644 tamen
611 2585 656 2644 ita
669 2586 872 2662 temperanda
886 2591 987 2645 estne
1001 2585 1099 2645 nimia
1119 2585 1224 2664 profu·
1243 2600 1259 2645 4

220 2690 305 2750 sione
326 2690 490 2765 inarescat,
506 2690 562 2750 sed
579 2690 783 2767 temperanda
797 2690 831 2748 in
845 2690 926 2765 aliis,
941 2690 1021 2750 inte
1036 2709 1110 2750 vero
1129 2689 1223 2750 facile

169 2808 173 2816 ·
219 2795 300 2856 ratio
314 2794 479 2870 constabit,
496 2793 622 2855 etiamsi
636 2795 762 2854 modum
777 2794 954 2856 excesserit.
997 2795 1085 2856 Vale.

638 3006 690 3068 20.
720 3004 804 3084 (VI.)

480 3150 511 3203 C.
533 3151 679 3201 PLINIUS
703 3150 817 3201 AVITO
841 3151 909 3202 SUO
933 3151 960 3203 S.

560 3283 585 3335 A
597 3286 696 3346 stubbs
708 3286 880 3336 eucertos'ner.

170 3434 200 3482 20
260 3419 402 3494 Longum
418 3422 466 3477 est
481 3417 577 3477 altius
599 3422 748 3494 repetere,
764 3435 821 3476 nec
843 3417 941 3477 refert
962 3417 1223 3494 quemadmodum
1245 3431 1259 3478 1

220 3524 369 3584 acciderit
382 3529 418 3583 ut
432 3522 524 3581 homo
539 3521 667 3581 minime
689 3521 857 3581 familiaris
874 3541 1016 3582 cenarem
1032 3522 1117 3601 apud
1131 3542 1225 3601 quen-

219 3630 301 3704 dam,
323 3634 359 3688 ut
381 3627 442 3688 sibi
464 3626 637 3696 videbatur,
659 3625 779 3686 lautum
805 3633 837 3686 et
864 3627 1058 3704 diligentem,
1080 3634 1116 3688 ut
1136 3628 1224 3704 mihi,

220 3733 379 3795 sordidum
404 3731 498 3792 simul
521 3737 553 3790 ct
576 3736 801 3808 sumptuosum.
857 3733 940 3792 Nam
969 3733 1030 3794 sibi
1057 3739 1089 3794 et
1116 3733 1224 3812 paucis
1245 3746 1260 3792 2
