2782 4164
455 306 734 359 ‚seminum
753 307 816 358 m
836 306 878 358 ss.
1115 290 1178 356 101

141 474 346 536 eritudinem
374 476 521 555 inplesse,
546 478 719 557 impietatis
746 497 834 539 reum
858 476 1006 557 postulat.
1057 456 1179 536 Horror
1226 474 1233 484 ’

176 581 330 642 omnium:
353 601 410 659 ego
429 589 534 643 autem
555 584 699 644 ‘vereor'
712 583 851 662 inquam,
867 581 1050 644 ‘clarissimi
1071 600 1179 642 oonsu-

175 684 231 760 les,
245 705 285 746 ne
303 687 383 747 mihi
400 689 508 749 Massa
525 688 652 749 silentio
670 708 726 749 suo
743 687 1042 767 praevaricationem
1061 686 1178 747 obieoe
1239 752 1244 757 ,

175 790 226 866 rit,
254 792 338 870 quod
365 811 428 852 non
455 799 488 853 et
515 811 565 853 me
591 812 680 854 reum
709 793 902 872 postulavit!
944 793 1028 865 Quae
1055 811 1117 851 vox
1145 796 1178 852 et

175 896 283 956 statim
304 903 435 976 excepta
458 904 490 958 et
513 903 623 977 postes
648 898 750 959 multo
773 916 914 960 sermone
938 897 1095 959 celebrata
1118 900 1211 957 esto

139 1012 155 1060 9
174 1000 275 1061 Divus
296 1002 423 1079 quidem
444 1004 552 1063 Nerva
573 1003 658 1082 (nam
680 1003 824 1081 privatus
847 1021 970 1082 quoque
993 1001 1176 1063 attendebat

174 1105 225 1166 his
244 1113 424 1185 quaerente
443 1108 477 1168 in
496 1108 622 1186 publico
639 1107 766 1190 fierent)
781 1108 886 1170 missis
905 1108 946 1169 ed
966 1125 1015 1167 me
1032 1105 1177 1182 gravissi-

174 1210 235 1271 mis
261 1211 378 1274 litteris
406 1232 469 1273 non
496 1212 574 1273 mihi
602 1213 703 1274 solum
725 1232 835 1274 verum
861 1212 957 1273 etiam
981 1211 1104 1272 saeculo
1127 1216 1177 1271 est

174 1317 358 1392 gratulatus,
378 1317 429 1377 oui
445 1317 624 1396 exemplum
639 1318 698 1397 (sio
719 1318 802 1378 enim
825 1317 964 1397 scripsit)
981 1315 1083 1376 simile
1098 1315 1176 1376 anti-

124 1436 155 1483 10
174 1422 245 1497 quis
272 1421 463 1499 contigisset.
519 1423 617 1498 Haeo,
645 1428 814 1501 utcumque
841 1440 875 1483 se
902 1421 1028 1496 habent,
1053 1419 1223 1480 notiorem

173 1524 306 1587 clariora
339 1527 457 1587 maiora
483 1533 520 1587 tu
549 1527 666 1588 facies:
701 1545 890 1606 quamquam
924 1545 988 1586 non
1021 1524 1113 1602 exigo
1139 1530 1176 1584 ut

174 1632 306 1693 exoedas
333 1638 421 1693 actae
448 1633 494 1693 rei
524 1633 659 1693 modum.
721 1633 804 1692 Nam
832 1650 890 1693 neo
923 1630 1057 1692 historie
1083 1630 1176 1691 debet

174 1736 280 1814 egredi
294 1736 461 1797 veritatem
479 1743 512 1798 et
530 1737 661 1797 honeste
678 1737 773 1798 factis
791 1736 908 1797 veritas
922 1735 1043 1797 suffieit.
1085 1734 1173 1796 Vale.
1195 1742 1199 1758 ¹
