2782 4164
505 283 767 335 rrrsvuaaauu
791 283 868 335 vm.
888 284 912 335 4.
1138 269 1202 335 103

200 473 398 532 nequaquam
419 473 528 513 verum
548 455 731 530 arbitrabar,
753 473 831 532 quos
853 473 917 514 non
938 459 1104 532 aequasset
1123 453 1203 514 fides

165 570 180 618 7
201 560 377 634 solutionis,
393 560 451 619 hos
470 559 664 636 benignitate
683 559 876 620 remissionis
895 577 1037 636 aequare.
1080 560 1203 620 Rursus

200 682 273 741 ergo
294 665 340 725 eis
361 665 415 742 qui
437 663 595 724 solverant
615 664 682 725 eius
704 664 788 741 quod
807 663 965 725 solverant
987 664 1140 724 decimam
1160 681 1204 723 re·

200 769 281 830 misi.
323 770 385 830 Per
403 770 462 829 hoo
481 769 565 828 enim
579 757 742 847 aptissime
756 774 788 828 et
802 768 836 828 in
851 769 1055 847 praeteritum
1070 768 1203 845 singulis

201 893 257 952 pro
277 874 427 952 cuiusque
448 874 561 934 merito
578 874 680 950 gratia
698 873 819 948 referri,
834 879 866 934 et
882 874 915 933 in
932 874 1075 934 futurum
1096 891 1203 935 omnes
1222 888 1238 933 o

201 997 271 1038 oum
292 979 333 1039 ad
354 979 519 1038 emendum
541 984 609 1038 tum
630 979 726 1038 etiam
747 979 788 1038 ad
810 979 993 1039 solvendum
1014 978 1100 1038 allici
1120 978 1204 1038 vide·

166 1098 181 1144 a
201 1084 322 1144 bantur.
365 1085 481 1160 Magno
502 1083 580 1143 mihi
602 1101 657 1145 seu
678 1083 758 1142 ratio
775 1083 852 1143 haeo
869 1102 925 1143 seu
943 1083 1083 1144 facilitas
1104 1083 1203 1158 stetit,

201 1189 256 1249 sed
276 1189 341 1248 fuit
359 1188 450 1248 tanti.
492 1189 576 1248 Nam
596 1187 720 1263 regione
739 1193 807 1248 tota
826 1194 858 1248 et
870 1188 995 1248 novitas
1011 1186 1204 1248 remissionis

200 1299 233 1353 et
256 1294 358 1354 forma
381 1294 536 1353 laudatur.
586 1294 636 1353 Ex
657 1293 736 1371 ipsis
757 1293 860 1368 etiam,
885 1312 963 1370 quos
986 1311 1049 1352 non
1072 1311 1144 1368 una,
1168 1299 1205 1352 ut

202 1399 326 1473 dieitur,
339 1399 458 1477 pertica
469 1399 525 1458 sed
536 1398 685 1458 distinete
701 1398 917 1474 gradatimque
932 1397 1074 1472 tractavi,
1086 1403 1204 1475 quanto
1225 1415 1253 1462 10

202 1503 273 1581 quis
290 1503 401 1563 melior
419 1509 451 1564 et
470 1504 595 1582 probior
613 1509 703 1564 tanto
722 1502 800 1562 mihi
814 1502 982 1578 obligatior
996 1502 1084 1577 abiit,
1099 1520 1206 1580 exper-

202 1613 254 1668 tus
267 1628 330 1668 non
345 1627 412 1668 esse
427 1609 512 1686 apud
526 1627 575 1668 me
590 1613 619 1671 ἐν
633 1609 662 1669 δὲ
677 1613 706 1689 ἰῇ
716 1611 786 1689 τιμῇ
799 1610 870 1687 ἡμὶν
880 1611 963 1673 κακὸς
974 1607 1023 1686 ἡδὶ
1034 1609 1079 1668 καὶ
1090 1608 1202 1673 ἐσθλός.

201 1712 288 1774 Vale.

621 1883 673 1945 ee.
703 1880 787 1963 ov.)

444 2051 473 2102 Ο.
500 2051 644 2102 PLINIUS
667 2050 818 2102 CANINIO
842 2050 910 2102 SUO
934 2051 960 2103 S.

343 2196 477 2248 Caninius
488 2199 513 2247 ia
525 2204 550 2249 to
563 2199 636 2248 write
649 2212 666 2248 a
673 2211 753 2260 poem
763 2190 800 2248 oa
813 2198 855 2248 ite
868 2199 975 2248 Dorion
987 2211 1064 2248 wara

169 2350 183 2397 1
244 2341 369 2419 Optime
397 2342 477 2403 fanis
505 2343 589 2420 quod
615 2341 733 2401 bellum
761 2341 910 2402 Daoioum
942 2343 1075 2403 scribere
1103 2361 1203 2420 paras.

203 2446 284 2505 Nam
310 2465 389 2522 quae
413 2453 478 2506 tam
503 2465 620 2521 reeens,
645 2453 711 2506 tam
732 2447 866 2524 eopiosa,
887 2455 953 2507 tam
974 2448 1048 2522 lata,
1070 2447 1205 2524 denique
1226 2460 1254 2506 15

203 2555 269 2610 tam
282 2550 413 2628 poetica,
428 2557 460 2610 et
479 2570 668 2628 quamquam
683 2552 716 2611 in
731 2551 903 2612 verissimis
922 2553 1024 2626 rebus,
1039 2558 1104 2612 tam
1117 2552 1206 2612 fabu-

168 2664 184 2710 a
203 2654 271 2715 losa
289 2656 445 2715 materia?
486 2656 579 2717 Dices
597 2656 728 2717 inmissa
745 2657 838 2717 terris
858 2676 938 2716 nova
954 2656 1093 2732 flumina,
1108 2675 1205 2717 novos

204 2766 315 2837 pontes
355 2759 538 2820 fluminibus
572 2760 712 2836 iniectos,
748 2761 869 2822 insessa
905 2761 1017 2822 eastris
1051 2760 1205 2820 montium

169 2865 173 2870 “
204 2864 346 2942 abrupta,
371 2865 497 2942 pulsum
519 2866 613 2941 regia,
639 2866 764 2944 pulsum
788 2867 886 2926 etiam
910 2866 977 2926 vita
997 2884 1101 2941 regem
1122 2864 1205 2924 nihil

204 2968 436 3047 desperantem3
459 2989 552 3048 super
576 2970 661 3045 haee,
684 2976 769 3030 actos
792 2970 840 3031 bis
865 2970 1051 3049 triumphos,
1073 2989 1205 3047 quorum
1225 2986 1255 3032 ao

203 3072 283 3134 alter
311 3093 350 3133 ex
377 3074 496 3134 invicta
523 3081 615 3150 gente
643 3076 772 3153 primus,
801 3074 881 3136 alter
915 3076 1104 3136 novissimus
1132 3074 1204 3134 fuit.

169 3190 185 3236 3
205 3180 279 3240 Una
296 3180 351 3239 sed
369 3180 506 3239 maxima
523 3180 700 3256 difficultas,
719 3181 802 3257 quod
822 3181 899 3240 haeo
919 3199 1053 3257 aequare
1075 3180 1206 3240 dicendo

204 3284 336 3344 arduum
357 3284 542 3359 inmensum,
563 3285 657 3345 etiam
679 3291 734 3345 tuo
755 3285 890 3361 ingenia,
913 3304 1101 3362 quamquam
1121 3285 1207 3345 altis-

204 3389 282 3448 sime
304 3389 452 3466 adsurgat
473 3395 505 3449 et
526 3390 730 3468 amplissimis
752 3390 897 3468 operibus
919 3390 1080 3451 inoresoat.
1131 3390 1206 3450 Non

204 3493 311 3554 nullus
339 3501 371 3554 et
399 3494 433 3554 in
457 3494 513 3554 illo
537 3495 625 3555 labor
649 3502 684 3555 ut
708 3497 840 3556 barbara
864 3501 896 3556 et
920 3496 989 3555 fera
1012 3495 1147 3570 nomina,
1172 3495 1206 3554 in
1225 3515 1254 3560 ao

168 3615 184 3659 4
204 3598 314 3676 primis
328 3599 411 3676 regis
425 3599 534 3676 ipsius,
551 3601 679 3661 Graeois
697 3601 839 3661 versibus
858 3620 921 3661 non
939 3600 1100 3660 resultent.
1145 3599 1206 3660 Sed

203 3703 285 3763 nihil
310 3709 359 3765 est
383 3704 467 3781 quod
490 3714 553 3764 nori
577 3712 644 3765 arte
672 3724 815 3783 auraque,
842 3705 956 3766 sinon
983 3709 1088 3784 potest
1111 3703 1205 3779 vinei,
