2782 4164
552 310 694 362 rmur’s
718 311 834 363 srrnn
1108 304 1218 368 xxxix
1275 349 1276 352 ,

163 482 373 559 Muoaoarus,
388 483 454 544 Sat.
470 501 500 542 v.
516 482 544 542 1.

205 596 358 667 Quattuor
379 602 453 657 sunt
474 614 588 672 genera
608 597 750 675 dicendi3
777 598 947 677 copiosum,
969 599 1004 659 in
1027 619 1089 678 quo
1110 601 1218 663 Cicero

163 693 361 770 dominatur3
382 693 486 768 breve,
508 693 542 753 in
563 713 625 772 quo
647 693 816 764 Sallustius
837 702 963 773 regnat;
986 697 1111 773 siccum,
1134 699 1219 776 quod
1331 732 1343 781 Ι·
1359 712 1375 779 '¹

163 790 317 850 Frontoni
341 790 545 867 adscribitur;
577 791 693 870 pingue
718 800 751 852 et
773 791 928 869 floridum,
952 794 987 853 in
1007 813 1069 873 quo
1093 795 1218 856 Plinius
1327 786 1336 811 ''

164 886 326 947 Secundus
347 887 504 963 quondam
526 893 559 948 et
579 907 662 948 nune
682 887 771 948 nullo
791 895 934 950 veterum
954 891 1056 952 minor
1081 893 1219 972 Symma-

164 982 242 1044 chus
256 983 442 1044 luxuriatur.
486 1043 491 1053 ,

165 1163 326 1224 Smoruus
347 1161 588 1238 Aronnmsars,
602 1182 624 1222 1.
640 1163 668 1223 1.

204 1276 366 1356 Epistolas
387 1295 504 1352 omnes,
520 1277 700 1337 retractatis
721 1277 953 1356 exemplaribus
974 1279 1218 1358 enucleatisque,

164 1392 229 1434 nno
258 1373 418 1434 volumine
447 1371 616 1448 includam,
648 1373 682 1444 Q.
716 1374 896 1453 Symmachi
923 1376 1159 1452 rotunditatem,
1184 1378 1216 1438 O.
1318 1392 1320 1396 ·

165 1471 264 1531 Plinii
278 1470 479 1550 disciplinam
493 1470 781 1549 maturitatemque,
793 1471 937 1548 vestigiis
951 1473 1219 1551 praesumptuosis

165 1567 363 1629 insecuturis.

165 1724 217 1784 In.
234 1743 278 1785 rv.
293 1726 321 1785 3.

170 1840 175 1845 '
207 1837 241 1898 Si
266 1855 352 1899 reare
376 1856 565 1916 quemquam
589 1837 769 1898 mortalium
795 1836 859 1918 (cui
886 1843 993 1899 tamen
1020 1838 1221 1901 sermocinari

165 1932 333 1994 Latialiter
353 1934 440 1995 cordi
460 1937 521 2017 est)
544 1953 608 1994 non
628 1953 751 2013 pavere,
773 1955 870 2013 quum
891 1935 926 1994 in
946 1954 1077 1995 examen
1098 1937 1220 1997 aurium

165 2036 301 2106 tuarum,
312 2030 429 2110 quippe
440 2031 586 2111 scriptus,
597 2031 777 2108 adducitur;
793 2037 928 2108 tuarum,
940 2032 1078 2110 inquam,
1088 2032 1219 2108 aurium,

166 2147 300 2207 quarum
320 2128 461 2207 peritiae,
477 2128 504 2190 si
525 2146 575 2188 me
596 2128 796 2189 decursorum
818 2129 937 2189 adhoc
953 2130 1023 2189 aevi
1045 2135 1220 2209 temporum

166 2224 386 2304 praerogativa
411 2243 475 2285 non
501 2224 621 2299 obruat,
646 2243 704 2284 nec
727 2225 951 2286 Frontinianae
976 2226 1141 2302 gravitatis
1166 2232 1221 2287 aut

164 2321 316 2402 ponderis
338 2319 509 2399 Apuleiani
532 2321 654 2380 fulmen
677 2321 887 2399 aequiparem,
912 2323 963 2381 cui
987 2324 1142 2384 Varrones
1170 2324 1221 2385 vel

166 2416 323 2480 Atacinus
341 2416 393 2478 vel
412 2418 589 2492 Terentius,
603 2417 704 2477 Plinii
720 2417 769 2477 vel
790 2419 963 2480 avunculus
978 2419 1028 2480 vel
1051 2420 1219 2498 Secundus,

167 2513 334 2593 compositi
351 2512 643 2593 impraesentiarum
656 2513 899 2576 rusticabuntur.

166 2674 218 2735 In.
235 2693 279 2735 1v.
294 2674 343 2735 22.

388 2787 456 2864 Ego
469 2786 585 2864 Plinio,
599 2792 637 2847 ut
650 2786 834 2866 discipulus,
850 2787 993 2866 adsurgo.

166 2952 219 3012 In.
234 2969 308 3012 vrrr.
324 2951 372 3013 10.

209 3064 243 3127 G.
257 3063 382 3125 Plinius
396 3083 453 3145 pro
466 3064 565 3126 Accia
577 3063 706 3126 Variola
721 3064 794 3144 plus
811 3064 929 3144 gloriae
946 3066 985 3126 de
1002 3067 1222 3128 centumvirali

167 3166 319 3238 suggestu
338 3160 465 3222 domum
485 3159 605 3236 retulit,
620 3180 714 3238 quam
736 3180 832 3240 quum
854 3163 961 3223 Marco
982 3163 1090 3241 Ulpio,
1110 3164 1223 3224 incom-

39 3324 44 3336 ,
166 3256 303 3338 parabili
316 3256 461 3337 principi,
476 3258 717 3336 comparabilem
731 3259 955 3339 panegyricum
969 3259 1060 3321 dixit.

166 3435 404 3498 Onasronoaos.
449 3434 559 3497 aaron.
573 3437 629 3495 aab
648 3437 792 3515 Trcwao.

210 3546 320 3610 Celsus
343 3552 376 3608 et
400 3547 581 3626 Crispinus:
618 3548 680 3609 His
708 3546 889 3609 eonsmibus
912 3549 1037 3612 Plinius
1061 3550 1223 3611 Secundus

165 3644 414 3707 Novocomensis
436 3650 541 3705 orator
560 3649 593 3704 et
613 3643 783 3706 historicus
811 3644 945 3722 insignis
969 3646 1112 3723 habetur,
1135 3647 1223 3708 cuius

166 3739 292 3819 ingenii
304 3738 441 3821 plurima
454 3759 549 3821 opera
563 3746 697 3802 exstant.
