2782 4164
165 299 207 364 34
590 312 620 364 o.
639 312 747 364 11111·

162 502 246 544 nunc
260 484 408 544 continua
426 503 508 545 nuuc
525 484 705 545 intermissa
718 489 802 544 tecta
815 484 972 560 villarum,
988 503 1068 562 quae
1083 501 1169 561 prae-

164 593 250 649 stant
264 589 434 649 multarum
448 589 573 649 urbium
588 590 711 664 faciem,
728 588 793 648 sive
808 588 887 648 mari
903 588 969 648 sive
991 588 1060 666 ipso
1074 588 1166 648 litore

162 697 268 770 utare3
300 694 384 771 quod
405 713 469 753 non
493 713 664 772 numquam
692 694 786 769 longa
812 692 1029 770 tranquillitas
1053 691 1165 768 mollit,

164 798 287 875 saepius
315 799 463 876 frequens
492 805 525 859 et
552 799 727 859 contrarius
750 799 863 859 fluctus
888 799 1024 857 indurat.
1078 798 1166 858 Mare
1186 811 1216 856 28

128 912 225 961 onon
253 922 327 963 sane
353 903 501 982 pretiosis
529 903 669 983 piscibus
697 904 844 978 abundat,
874 903 973 963 soleas
1001 909 1108 963 tamen
1135 908 1167 962 et

163 1006 295 1084 squillas
317 1009 452 1086 optimas
474 1009 580 1084 egerit.
623 1008 711 1069 Villa
729 1027 804 1068 vero
824 1014 933 1069 nostra
952 1008 1048 1068 etiarn
1072 1008 1167 1068 medi-

162 1117 321 1172 terraneas
349 1114 454 1191 copias
482 1119 632 1191 praestat,
655 1113 703 1173 lac
731 1113 766 1172 in
793 1112 921 1190 primis:
956 1131 1030 1172 nam
1050 1112 1165 1172 illuce

162 1217 285 1293 pascuis
308 1236 419 1294 pecora
439 1219 638 1293 conveniunt,
654 1218 682 1278 si
703 1219 828 1296 quando
849 1236 962 1294 aquam
983 1217 1165 1277 umbramve

162 1326 329 1381 sectantur.
372 1323 511 1382 Iustisne
532 1323 570 1382 de
592 1323 694 1383 causis
719 1323 782 1382 iam
807 1322 867 1382 tibi
891 1322 999 1381 videor
1019 1321 1164 1397 incolere,
1185 1337 1215 1383 29

113 1437 142 1482 10
161 1425 347 1502 inhabitare,
363 1427 493 1502 diligere
515 1446 679 1502 secessum,
695 1446 788 1505 quern
809 1433 845 1486 tu
862 1426 958 1487 nimis
976 1426 1114 1487 urbanus
1131 1445 1164 1487 es

161 1530 224 1590 nisi
251 1531 469 1609 concupiscis?
525 1532 631 1610 Atque
658 1532 779 1592 utinam
807 1532 1026 1609 concupiscas!
1061 1537 1097 1590 ut
1117 1537 1166 1591 tot

160 1637 320 1714 tantisque
341 1637 466 1698 dotibus
490 1637 618 1697 villulae
631 1644 755 1698 nostrae
778 1637 915 1697 maxima
937 1636 1166 1696 commendatio

161 1759 201 1800 ex
220 1746 275 1802 tuo
296 1741 497 1802 contubernio
518 1730 653 1802 accedat.
696 1743 783 1804 Vale.

543 1960 596 2022 aa
625 1959 779 2039 (111111.)

398 2107 427 2157 C.
454 2105 598 2155 PLINIUS
621 2105 790 2156 MAURICO
814 2105 881 2156 SUO
905 2106 931 2157 S.

246 2239 377 2290 Selecticu
390 2241 422 2302 os
429 2254 445 2289 u
458 2240 562 2288 tcucbcr
568 2239 617 2301 sor
628 2240 670 2288 111
683 2253 746 2288 sous
758 2239 791 2301 os
798 2238 937 2289 Arulenus
948 2240 1085 2291 Rusticus.

200 2371 283 2441 Quid
298 2390 317 2430 a
330 2376 362 2430 te
375 2369 455 2429 mihi
471 2370 637 2429 iucundius
655 2370 759 2447 potuit
775 2370 906 2446 iniungi,
922 2391 1017 2449 quarn
1030 2377 1067 2430 ut
1080 2390 1166 2448 prae·
1186 2381 1200 2427 1

112 2482 141 2528 15
161 2483 317 2553 captorem
336 2475 445 2535 fratris
465 2475 513 2534 tui
534 2475 642 2534 liberis
662 2478 868 2552 quaererem?
911 2476 995 2536 Nam
1014 2476 1165 2537 beneficio

161 2586 215 2640 tuo
229 2581 263 2640 in
278 2580 416 2641 scholam
432 2580 524 2639 redeo
539 2585 570 2638 et
584 2579 673 2638 illam
688 2579 903 2639 dulcissimam
920 2587 1057 2641 aetatem
1074 2580 1165 2660 quasi

161 2704 301 2746 resumo:
331 2685 423 2745 sedeo
446 2685 529 2743 inter
555 2684 691 2759 iuvenes,
717 2689 754 2744 ut
778 2685 924 2760 solebam,
950 2692 1044 2763 atque
1069 2686 1163 2746 etiam

161 2791 304 2868 experior
324 2796 475 2867 quantum
499 2790 583 2866 apud
604 2789 676 2849 illos
698 2789 894 2850 auctoritatis
916 2809 955 2849 ex
976 2790 1090 2853 studiis
1113 2791 1166 2852 ha

161 2895 260 2955 beam.
302 2896 333 2954 N
335 2914 385 2954 am
405 2894 545 2971 proxime
564 2894 725 2971 frequenti
741 2895 896 2954 auditorio
910 2895 993 2955 inter
1010 2915 1043 2956 se
1062 2915 1166 2957 coram
1185 2907 1200 2952 2

112 3004 142 3050 20
162 3000 270 3060 multis
285 2999 404 3059 ordinis
418 2999 518 3059 nostri
533 2999 614 3058 clare
630 2999 851 3076 loquebantur:
874 3000 1000 3076 intravi,
1013 3002 1166 3062 conticue

162 3111 252 3180 runt3
275 3106 358 3181 quod
376 3124 438 3162 non
458 3105 616 3178 referrem,
634 3104 696 3164 uisi
716 3105 756 3163 ad
775 3105 898 3164 illorum
920 3106 1020 3182 magis
1040 3107 1165 3166 laudem

162 3229 255 3287 quam
270 3210 310 3268 ad
325 3228 425 3268 meam
440 3209 620 3286 pertineret,
637 3228 672 3268 ac
686 3210 748 3268 nisi
764 3229 888 3287 sperare
903 3217 935 3270 te
946 3211 1059 3270 vellem
1074 3231 1165 3289 posse

161 3315 271 3375 fratris
299 3314 347 3373 tui
375 3313 457 3373 filios
485 3314 580 3391 probe
609 3314 736 3373 discere.
793 3315 883 3385 Quod
915 3321 1066 3393 superest,
1095 3329 1201 3375 cuma

161 3438 268 3479 omnes
290 3418 344 3497 qui
365 3417 553 3496 profitentur
575 3419 710 3493 audiero,
729 3420 805 3495 quid
827 3421 865 3478 de
887 3439 1009 3497 quoque
1031 3421 1166 3481 seutiam

111 3526 294 3585 ascribam
319 3523 521 3600 efficiamque,
547 3530 700 3600 quantum
725 3530 830 3583 tamen
858 3524 994 3602 epistula
1018 3525 1167 3603 consequi

161 3638 278 3708 potero,
294 3635 329 3688 ut
343 3629 410 3707 ipse
425 3648 532 3688 ornnes
548 3629 672 3688 audisse
688 3629 832 3689 videaris.
877 3630 983 3689 Debeo
998 3629 1080 3688 enirn
1097 3630 1165 3706 tibi,
1186 3640 1201 3684 4

161 3736 259 3796 debeo
287 3733 453 3793 memoriae
481 3733 591 3792 fratris
619 3733 667 3791 tui
694 3733 775 3793 hanc
803 3733 905 3808 fidem,
929 3734 989 3792 hoc
1017 3734 1165 3805 studium,
