2782 4164
489 315 751 367 nrrsrunanuu
774 316 812 367 11.
833 317 874 369 11.
1136 306 1178 370 33

176 491 241 546 tem
268 485 405 545 medium
432 486 560 546 zotheca
586 505 737 565 perquam
764 487 923 564 eleganter
950 488 1077 564 recedit,
1099 507 1178 566 quas

177 590 391 667 specularibus
412 595 444 650 et
465 591 544 652 velis
566 592 708 653 obductis
730 593 906 654 reductisve
927 594 1019 653 modo
1043 594 1179 654 adicitur

176 695 319 755 cubiculo
332 697 424 756 modo
435 697 584 756 aufertur.
629 698 758 757 Lectum
770 705 802 758 et
812 698 890 758 duas
901 699 1065 759 cathedras
1076 699 1178 777 capit:

177 820 196 860 a
213 801 344 878 pedibus
364 818 457 875 mare,
473 820 492 861 a
510 810 598 877 tergo
615 802 717 876 villae,
733 804 867 881 acapite
882 803 997 864 silvae:
1020 809 1068 863 tot
1082 804 1180 864 facies

126 917 157 963 22
177 906 314 965 10201212
328 906 459 966 totidem
479 907 627 967 fenestris
647 914 679 967 et
695 907 865 983 distinguit
881 914 913 967 21
930 909 1047 969 miscet.
1090 910 1181 968 Iunc·
1199 921 1214 966 0

177 1017 245 1071 tum
269 1016 318 1072 est
339 1011 517 1071 cubiculum
544 1012 645 1072 noctis
670 1018 702 1071 21
727 1014 835 1071 201221.
886 1014 959 1072 Non
984 1013 1064 1073 illud
1089 1032 1179 1073 voces

178 1115 381 1191 servulorum,
396 1136 459 1176 non
474 1116 568 1177 maris
586 1136 733 1192 murmur,
748 1136 811 1177 non
825 1123 1047 1195 tempestatum
1068 1124 1179 1193 motus,

178 1239 241 1280 non
267 1221 431 1296 fulgurum
454 1220 560 1280 lumen
587 1240 623 1281 ac
651 1240 690 1281 ne
718 1222 801 1281 diem
829 1223 956 1300 quidem
983 1223 1089 1298 sentit,
1118 1224 1180 1284 nisi

179 1326 327 1387 fenestris
349 1327 475 1404 apertis.
518 1328 596 1387 Tam
618 1327 675 1387 alti
697 1328 859 1405 abditique
882 1329 993 1388 secreti
1015 1329 1071 1388 illa
1090 1330 1179 1405 ratio,
1205 1371 1208 1376 -

179 1431 263 1508 quod
303 1431 492 1491 interiacens
528 1433 648 1491 andron
684 1434 834 1509 parietem
870 1434 1006 1493 cubiculi
1035 1435 1180 1511 hortique
1202 1445 1229 1491 10

179 1535 347 1612 distinguit
384 1541 479 1613 atque
515 1537 561 1596 ita
589 1555 711 1596 omnem
746 1557 856 1598 sonum
890 1538 992 1598 media
1027 1540 1180 1599 inanitate

128 1649 160 1695 23
179 1640 341 1701 2011222111.
392 1641 590 1718 Adplioitum
606 1648 655 1702 est
671 1643 812 1727 cubiculo
831 1642 1047 1721 hypocauston
1064 1644 1182 1721 perexi-

180 1765 283 1821 guum,
311 1747 394 1823 quod
423 1753 557 1821 angusta
584 1747 724 1806 fenestra
752 1749 948 1825 suppositum
976 1749 1117 1824 calorem,
1146 1754 1181 1808 21

179 1850 260 1910 12110
282 1851 390 1926 exigit,
410 1857 466 1910 aut
488 1852 622 1912 effundit
645 1858 699 1911 aut
727 1853 849 1912 retinet.
913 1854 1085 1913 Procoeton
1108 1855 1182 1914 inde

180 1960 213 2014 et
229 1955 406 2015 cubiculum
427 1957 598 2033 porrigitur
615 1957 648 2015 in
669 1957 774 2031 solem,
790 1977 882 2034 quem
904 1959 1054 2018 orientem
1076 1960 1183 2018 21211111
1202 1973 1231 2018 12

179 2065 345 2138 exceptum
361 2060 446 2120 ultra
464 2061 626 2121 meridiem
645 2062 780 2121 oblicum
794 2064 920 2139 quidem
935 2064 990 2123 sed
1004 2069 1108 2122 tamen
1124 2083 1183 2124 ser-

128 2175 160 2221 24
179 2170 242 2224 vat.
285 2165 325 2223 In
346 2164 427 2224 hanc
448 2183 505 2241 ego
526 2166 662 2225 diaetam
683 2184 753 2225 cum
774 2187 822 2226 me
844 2168 955 2245 recepi,
975 2168 1083 2228 abesse
1104 2169 1182 2228 mihi

180 2270 276 2330 etiam
298 2289 317 2330 a
337 2270 416 2329 villa
438 2289 506 2330 mea
528 2271 644 2345 videor,
668 2291 871 2350 magnamque
895 2273 961 2333 eius
989 2273 1183 2351 voluptatem

180 2375 346 2453 praecipue
381 2375 599 2436 Saturnalibus
634 2378 731 2453 capio,
760 2396 830 2436 cum
858 2377 979 2455 reliqua
1006 2397 1078 2455 pars
1106 2379 1182 2438 tecti

180 2478 310 2540 licentia
330 2479 452 2539 dierum
473 2480 626 2557 festisque
650 2482 836 2541 clamoribus
852 2488 1013 2559 personat:
1036 2502 1108 2542 nam
1125 2502 1182 2543 nec
1203 2495 1232 2540 20

180 2583 248 2662 ipse
275 2603 414 2644 meorum
441 2585 562 2645 lusibus
586 2604 643 2645 nec
667 2586 716 2644 illi
745 2586 859 2646 studiis
886 2588 964 2646 meis
988 2588 1180 2666 obstrepunt.

129 2701 160 2747 25
180 2689 268 2750 Haec
282 2689 415 2765 utilitas,
430 2690 507 2749 haec
528 2692 699 2751 amoenitas
720 2691 865 2750 deficitur
882 2710 964 2768 aqua
978 2692 1112 2768 salienti,
1128 2694 1183 2753 sed

180 2800 290 2871 puteos
319 2814 355 2855 ac
382 2796 488 2873 potius
511 2797 616 2856 fontes
643 2796 754 2855 habet:
788 2803 862 2857 sunt
889 2797 973 2856 enim
998 2798 1030 2855 in
1052 2816 1181 2857 summo.

180 2900 224 2959 Et
244 2900 370 2959 omnino
390 2899 492 2960 litoris
518 2900 604 2960 illius
632 2901 712 2960 mira
733 2906 858 2960 natura:
895 2920 1088 2978 quocumque
1115 2903 1183 2962 loco

181 3004 314 3064 moreris
334 3004 474 3078 humum,
490 3005 600 3065 obvius
622 3011 654 3064 et
674 3010 803 3083 paratus
825 3025 914 3064 umor
930 3007 1071 3082 occurrit,
1094 3008 1183 3085 isque
1203 3025 1232 3069 25

181 3107 320 3169 sincerus
339 3127 374 3168 ao
395 3129 433 3169 ne
453 3109 565 3168 leviter
585 3110 709 3187 quidem
726 3116 816 3170 12212
835 3111 929 3170 212112
944 3111 1107 3172 vicinitate
1121 3131 1184 3172 cor-

129 3227 161 3273 26
182 3218 300 3291 ruptus.
344 3213 523 3290 Suggerunt
540 3215 673 3275 adfatim
693 3214 780 3292 ligna
794 3216 953 3292 proximae
968 3216 1084 3276 silvae:
1105 3224 1184 3277 cete-

180 3335 231 3378 ras
256 3318 360 3396 copias
386 3319 541 3380 Ostiensis
563 3320 685 3379 colonia
712 3321 878 3380 ministrat.
935 3321 1031 3398 Frugi
1057 3322 1182 3398 quidem

180 3422 301 3482 homini
323 3423 437 3484 sufficit
456 3425 550 3484 etiam
569 3424 655 3484 vicus
675 3444 766 3502 quem
786 3445 849 3484 una
868 3425 946 3485 villa
960 3426 1127 3486 discernit:
1149 3427 1183 3485 in

180 3527 240 3587 hoc
261 3527 386 3588 balinea
409 3529 567 3589 meritoria
590 3530 662 3603 tria,
684 3549 797 3604 magna
817 3531 1028 3605 commoditaS,
1051 3531 1079 3592 si
1101 3533 1231 3594 1011230

179 3632 339 3694 balineum
365 3633 450 3693 domi
474 3634 524 3692 vel
550 3634 672 3694 subitus
697 3634 851 3694 adventus
873 3635 924 3694 vel
951 3635 1074 3695 brevior
1098 3656 1184 3697 mora

128 3754 160 3802 27
180 3737 335 3798 calfacere
355 3738 543 3799 dissuadeat.
587 3740 678 3799 Litus
700 3745 812 3799 ornant
833 3740 984 3800 varietate
1006 3740 1185 3817 gratissima
