2782 4164
527 301 790 353 nrmrunauuu
814 301 850 353 11.
870 301 908 352 ιτ.
1176 286 1218 349 29

215 480 247 534 et
273 479 345 552 post
373 473 534 535 silentium
559 474 671 563 coepit»
687 474 770 533 idem
793 473 896 533 tertio.
939 471 1120 532 Novissime
1147 469 1218 547 quis

215 579 334 638 diceret
351 579 524 656 quaesivit:
548 598 731 656 responsum
753 584 802 639 est
818 578 983 638 ‘Licinus'
1025 578 1105 634 Tum
1126 575 1220 634 inter·

215 683 311 744 missa
331 701 425 744 causa
443 684 663 744 ‘centumviri’
681 684 795 760 inquit,
816 683 891 742 ‘hoc
911 681 1079 742 artificium
1097 677 1218 757 perit.”

164 803 194 848 12
215 788 305 858 Quod
326 786 444 865 alioqui
465 786 567 864 perire
590 785 770 863 incipiebat,
786 804 855 844 cum
874 784 992 862 perisse
1007 785 1087 843 Afro
1101 783 1219 843 videre·

214 899 275 968 tur,
290 910 374 952 nuno
389 910 461 950 vero
475 909 572 969 prope
586 891 731 950 funditus
751 889 924 949 extinctum
946 896 978 949 et
999 908 1140 949 eversum
1161 895 1218 949 est.
1238 899 1253 944 c

215 998 319 1058 Pudet
337 997 454 1056 referre
474 1014 662 1072 quaequam
678 996 780 1055 fracta
794 994 1049 1072 pronuntiatione
1064 993 1218 1068 dicantur,

164 1115 196 1161 13
216 1103 330 1181 quibus
355 1120 448 1179 quam
473 1100 591 1160 teneris
619 1100 806 1159 clamoribus
834 1099 1038 1176 excipiantur.
1084 1098 1218 1158 Plausus

216 1214 340 1267 tantum
355 1226 390 1266 ac
405 1206 511 1284 potius
529 1206 596 1266 sola
614 1205 758 1285 cymbala
777 1211 809 1264 ot
829 1211 981 1283 tympana
1001 1204 1066 1264 illis
1088 1203 1218 1263 canticis

216 1314 345 1373 desunt:
368 1312 509 1372 ululatus
520 1312 647 1389 quidem
661 1311 774 1389 (neque
785 1310 868 1368 enim
880 1309 943 1369 alio
954 1309 1104 1369 vocabulo
1115 1314 1219 1386 potest

216 1417 351 1496 exprimi
369 1416 503 1476 theatris
521 1434 644 1494 quoque
665 1416 811 1474 indecora
832 1414 985 1494 laudatio)
1009 1413 1095 1488 large
1117 1432 1220 1490 super·
1239 1425 1267 1472 10

166 1539 197 1584 14
217 1530 298 1584 sunt.
340 1523 408 1582 Nos
429 1528 535 1582 tamen
559 1521 661 1581 adhuc
683 1527 714 1580 et
734 1520 857 1580 utilitas
882 1521 1052 1580 amicorum
1079 1526 1112 1580 et
1139 1520 1220 1579 ratio

216 1627 330 1688 aetatis
352 1633 490 1687 moratur
511 1646 547 1686 ao
568 1627 699 1686 retinet:
725 1644 868 1685 veremur
889 1626 972 1684 enim
993 1644 1031 1685 ne
1053 1625 1136 1684 forte
1157 1644 1219 1684 non

216 1733 274 1793 has
288 1732 495 1808 indignitates
509 1731 674 1809 reliquisse
689 1732 744 1791 sed
760 1731 896 1790 laborem
913 1731 1032 1805 fugisse
1047 1730 1217 1790 videamur.

218 1839 331 1899 Sumus
352 1844 457 1897 tamen
480 1837 573 1896 solito
594 1836 735 1910 rariores,
751 1836 835 1912 quod
854 1835 981 1895 initium
1001 1841 1050 1895 est
1064 1834 1219 1911 gradatim

217 1941 389 2003 desinendi.
431 1940 519 2002 Vale.
1240 1951 1269 1997 16

624 2056 676 2116 26.
706 2054 804 2135 (xv.)

425 2201 455 2253 (l.
480 2200 625 2251 PLINIUS
648 2201 864 2251 VALERIANO
888 2199 956 2251 SUO
970 2153 1005 2251 lS.

412 2335 482 2386 How
493 2336 555 2386 does
567 2335 730 2385 Valerianus
743 2335 795 2385 lilce
808 2335 850 2384 bis
863 2333 1028 2397 uewsarm?

184 2483 198 2528 1
258 2468 326 2539 Quo
334 2467 426 2527 modo
436 2473 468 2527 te
478 2472 597 2526 veteres
611 2466 708 2526 Marsi
717 2465 789 2525 tui?
812 2485 873 2543 quo
884 2464 976 2524 modo
985 2464 1103 2543 emptio
1113 2467 1220 2524 nova?

218 2572 350 2632 Placent
361 2571 436 2647 agri,
447 2577 613 2649 postquam
623 2570 670 2630 tui
682 2570 759 2630 facti
771 2572 869 2630 sunt?
906 2571 1025 2629 Rarum
1034 2569 1068 2628 id
1077 2570 1218 2647 quidem:

184 2691 199 2736 2
218 2676 299 2735 nihil
315 2676 399 2736 enim
414 2694 511 2753 aeque
529 2681 652 2751 gratum
668 2682 716 2735 est
731 2675 854 2752 adeptis
868 2693 963 2752 quam
977 2674 1221 2752 concupiscenti-

219 2781 285 2841 bus.
329 2782 381 2840 Me
401 2780 530 2858 praedia
549 2786 692 2840 matema
706 2799 816 2857 parum
833 2779 992 2840 commode
1009 2785 1155 2852 tractant,
1171 2779 1221 2837 de-

219 2886 338 2945 lectant
364 2891 471 2945 tamen
501 2891 537 2944 ut
565 2890 714 2960 materna,
741 2892 772 2944 et
800 2884 919 2962 alioqui
947 2884 1040 2960 longa
1067 2883 1221 2962 patientia
1240 2893 1269 2938 20

220 2989 359 3051 occallui.
416 2990 545 3049 Habent
566 2990 650 3049 hunc
671 2989 764 3049 finem
789 2989 937 3050 adsiduae
960 2988 1117 3068 querellae
1137 2988 1220 3066 quod

220 3095 309 3173 queri
331 3096 435 3173 pudet.
478 3094 565 3155 Vale.

619 3206 671 3266 27.
701 3204 836 3284 (xvir.)

482 3351 511 3401 C.
538 3351 681 3401 PLINIUS
704 3350 823 3401 GALLO
847 3350 914 3401 SUO
938 3350 965 3402 S.

423 3486 594 3548 Description
607 3486 639 3548 os
648 3485 754 3546 Plloy's
765 3483 931 3535 Laurentiue
942 3486 1016 3535 uilla.

184 3641 199 3686 1
260 3617 388 3679 Miraris
403 3637 458 3677 cur
472 3637 521 3677 me
537 3617 763 3677 Laurentinum
777 3617 838 3692 vel,
854 3617 881 3677 si
896 3617 942 3677 ita
955 3617 1066 3691 mavis,
1081 3617 1221 3676 Laurens

220 3742 323 3783 meum
344 3728 433 3785 tanto
454 3741 547 3803 opere
568 3723 719 3783 delectet:
742 3722 865 3783 desines
886 3722 1003 3797 mirari,
1022 3740 1092 3781 cum
1113 3739 1221 3798 cogno
