2782 4164
128 292 130 296 ·
203 278 230 343 ·8
626 287 656 339 o.
677 288 778 340 cumr

208 479 288 539 quae
312 460 506 538 sapientibus
531 479 587 539 pro
610 461 797 521 necessitate
821 467 878 537 est,
900 462 942 522 ad
964 462 1023 525 hoc
1045 464 1212 526 consilium

208 565 368 645 compulit,
384 584 573 644 quamquam
589 564 742 643 plurimas
758 565 885 626 vivendi
905 586 1013 629 causas
1034 569 1211 647 habentem,

207 671 358 750 optimam
372 669 604 746 conscientiam,
620 669 770 747 optimam
784 670 911 746 famam,
926 673 1094 734 maximam
1109 681 1211 736 aucto

207 776 341 851 ritatem,
358 782 519 855 praeterea
535 774 637 836 filiam
657 785 786 835 uxorem
803 782 949 855 nepotem
966 797 1095 856 sorores,
1118 780 1211 841 inter·

171 895 186 940 15
207 900 268 959 que
281 886 329 941 tot
343 880 474 958 pignora
487 898 577 940 veros
592 880 716 941 amicos.
760 882 821 941 Sed
835 886 900 941 tam
911 881 1013 959 longa,
1025 889 1090 944 tam
1101 885 1211 964 iniqua
1229 897 1244 942 4

207 980 386 1045 valetudine
411 956 649 1073 coniiictabaun
672 991 709 1045 ut
736 985 813 1046 haec
839 992 930 1047 tanta
957 989 1058 1066 pretia
1081 989 1210 1051 vivendi

205 1090 316 1151 mortis
353 1090 527 1151 rationibus
564 1090 771 1152 vincerentur.
834 1092 942 1152 Tertio
978 1102 1010 1153 et
1051 1094 1210 1156 tricesimo

205 1214 296 1271 annu,
318 1201 354 1256 ut
375 1195 478 1274 ipsum
504 1196 677 1272 audiebam,
699 1197 944 1275 pedumdolore
966 1205 1127 1277 correptus
1151 1207 1207 1261 est.

205 1300 332 1362 Patrius
353 1300 404 1361 hic
423 1300 489 1360 illi:
511 1320 585 1361 nam
598 1301 781 1379 plerumque
803 1302 903 1362 morbi
924 1322 1047 1382 quoque
1068 1323 1124 1381 per
1145 1325 1210 1366 suc

156 1421 185 1468 10
205 1406 360 1467 cessiones
375 1406 537 1484 quasdam,
552 1405 673 1481 utalia,
688 1406 865 1467 traduntur.
907 1408 1002 1467 Hunc
1017 1408 1210 1472 abstinentia
1228 1424 1243 1468 b

204 1512 382 1586 sanctitate,
400 1511 503 1589 quoad
520 1510 631 1571 viridis
651 1517 747 1583 aetas,
762 1511 840 1571 vicit
855 1517 887 1572 et
903 1513 1016 1590 fregit,
1038 1515 1208 1576 novissime

204 1636 274 1678 cum
297 1621 456 1677 senectute
469 1616 745 1692 ‘ingravescentem
763 1616 882 1677 viribus
903 1618 1001 1678 animi
1023 1620 1207 1698 sustinebat,

204 1740 274 1782 cum
299 1721 430 1800 quidem
450 1721 645 1782 incredibilis
670 1721 827 1782 cruciatus
850 1728 882 1783 et
905 1723 1129 1798 indignissima
1148 1733 1243 1790 tor-6

203 1832 310 1886 menta
328 1831 495 1904 pateretur.
539 1827 608 1886 Iam
628 1827 712 1886 enim
731 1827 818 1886 dolor
837 1847 899 1887 non
917 1828 1049 1906 pedibus
1069 1829 1153 1905 solis,
1171 1838 1208 1892 ut

154 1948 184 1994 1⁶
203 1932 300 2010 prius,
310 1931 467 1992 insidebat
478 1933 534 1993 sed
545 1931 650 1991 omnia
660 1932 799 1992 membra
807 1933 1043 2010 pervagabatur.
1076 1936 1208 1997 Veniad

202 2055 272 2096 eum
288 2037 463 2097 Domitiani
473 2037 665 2115 temporibus
676 2037 710 2096 in
721 2036 899 2098 suburbano
912 2038 1074 2100 iacentem.
1117 2041 1206 2101 Servi
1226 2051 1241 2098 t

202 2159 220 2202 a
240 2142 384 2204 cubiculo
404 2147 615 2202 recesserunt:
637 2141 774 2203 habebat
794 2142 852 2202 hcc
873 2144 978 2219 moris,
997 2145 1141 2223 quotiens
1163 2146 1206 2205 in-

202 2253 318 2310 trasset
328 2247 451 2308 fidelior
462 2247 595 2324 amicus3
611 2247 795 2326 quinetiam
805 2233 892 2324 uxor,
904 2268 1090 2328 quamquam
1104 2251 1205 2312 omnis

203 2354 316 2415 secreti
330 2353 542 2431 capacissima,
556 2352 797 2429 digrediebatur.
840 2353 1040 2415 Circumtulit
1054 2356 1158 2415 oculos
1174 2362 1206 2416 et
1224 2366 1240 2411 8

153 2476 183 2522 ac
203 2459 292 2520 ‘cur’
306 2459 411 2538 inquit
426 2464 492 2517 ‘me
511 2464 604 2535 putas
622 2457 679 2519 hos
697 2463 802 2519 tantos
821 2458 942 2518 dolores
957 2464 1022 2518 tam
1041 2459 1095 2519 diu
1114 2461 1205 2522 susti-

202 2567 300 2625 nere?
321 2569 357 2624 ut
375 2563 495 2624 scilicet
514 2563 569 2623 isti
589 2562 704 2645 latroni
718 2563 770 2622 vel
788 2582 851 2622 uno
866 2563 916 2623 die
932 2564 1105 2641 supersim!
1146 2567 1205 2626 De

202 2670 302 2730 disses
330 2669 403 2729 huic
430 2668 535 2728 animo
562 2688 620 2747 par
647 2687 769 2746 corpus,
798 2667 936 2729 fecisset.
954 2669 1039 2747 quod
1065 2670 1202 2748 optabat.

201 2774 317 2834 Adfuit
328 2779 433 2834 tamen
447 2775 523 2834 deus
535 2779 616 2850 voto,
629 2774 717 2834 cuius
731 2773 786 2833 ille
801 2791 936 2852 compos,
952 2778 987 2833 ut
1001 2773 1064 2834 iarn
1079 2793 1204 2837 securus

201 2879 341 2959 liberque
362 2880 541 2954 moriturus,
563 2879 664 2940 multa
687 2878 744 2938 illa
764 2878 848 2939 vitae
872 2879 926 2938 sed
950 2877 1072 2938 minora
1092 2881 1205 2940 retina

151 3002 181 3047 ac
200 2984 271 3045 cula
298 2985 432 3065 abrupit.
484 2985 665 3044 Increverat
691 2983 848 3058 valetudo,
878 3001 971 3060 quarn
997 2985 1240 3061 temperantias

200 3089 345 3167 mitigare
359 3090 538 3169 temptavit,
553 3095 805 3168 perseverantem
819 3087 997 3147 constantia
1009 3087 1101 3164 fugit.
1134 3088 1202 3150 Iam

200 3194 268 3255 dies
283 3195 363 3255 alter
377 3196 490 3256 tertius
509 3201 656 3273 quartus:
679 3193 858 3255 abstinebat
873 3193 950 3252 cibo.
993 3192 1084 3252 Misit
1100 3194 1140 3252 ad
1154 3214 1203 3254 me

199 3318 279 3359 uxor
306 3300 373 3360 eius
401 3300 552 3378 Hispulla
578 3317 773 3361 communem
800 3296 933 3357 amicum
962 3296 995 3357 C.
1023 3297 1202 3358 Geminium

200 3422 271 3464 cum
298 3405 480 3466 tristissimo
502 3405 622 3480 nuntio,
646 3403 821 3464 destinasse
846 3400 1016 3463 Corellium
1044 3402 1123 3461 mori
1144 3397 1204 3464 'nec

153 3525 183 3572 so
200 3515 256 3570 aut
276 3509 341 3570 suis
363 3516 417 3570 aut
435 3510 519 3570 filiae
541 3511 685 3589 precibus
704 3507 798 3583 flecti,
814 3507 915 3567 solum
934 3524 1095 3584 superesse
1116 3526 1166 3567 me
1186 3527 1205 3568 a

201 3632 262 3692 quo
279 3615 418 3677 revocari
439 3622 545 3694 posset
565 3618 606 3676 ad
625 3615 732 3674 vitam.
776 3612 923 3675 Cucurri:
946 3629 1146 3689 perveneram
1169 3612 1204 3671 in
1224 3625 1252 3672 1⁰

101 3715 103 3719 ’
200 3719 387 3796 proximum,
402 3740 473 3781 cum
494 3721 573 3780 mihi
594 3722 634 3782 ab
653 3720 761 3780 eadem
782 3716 936 3795 Hispulla
953 3715 1056 3777 Iulius
1075 3714 1212 3777 Atticus·
