2782 4164
70 1680 111 1701 .‚.
127 1694 131 1699 .
147 1646 171 1697 ῆι
185 1631 357 1715 insectatur
371 1639 465 1711 atque
479 1633 575 1693 etiam
590 1633 765 1694 Stoicorum
780 1620 1073 1711 simiam'appellat3
1094 1634 1192 1694 adicit

518 304 781 358 EPISTULARUM
804 308 825 358 L
845 307 871 359 5.
886 304 967 322 .......

628 558 660 617 4„
688 555 754 637 (V·)

344 711 374 763 c.
397 710 541 762 runsms
562 712 721 764 vocoruo
742 712 897 764 uousuo
918 712 986 765 suo
1007 713 1034 767 s.

260 857 330 907 How
341 859 492 907 conscience
506 858 582 907 mode
594 871 610 907 o
623 859 729 907 cowcrd
741 859 773 920 os
781 858 912 921 Regulus,
926 859 969 909 tte
982 860 1119 923 informer.

152 1011 166 1058 1
226 1000 386 1085 llidist'gre
418 1018 607 1078 quemquam
642 1002 685 1059 M.
718 1001 839 1076 Regulo
870 1001 1061 1062 timidiorem
1093 1003 1191 1062 humi-

186 1084 296 1165 liorem
325 1110 396 1184 post
423 1104 598 1165 Domitiani
625 1108 782 1166 mortem?
811 1107 869 1167 sub
896 1126 958 1185 quo
980 1127 1043 1167 non
1071 1108 1193 1169 minora

186 1209 308 1286 flagitia
321 1208 519 1270 commiserat
533 1228 627 1287 quam
642 1210 700 1270 sub
713 1211 848 1301 Nerone,
864 1213 919 1271 sed
936 1211 1075 1272 tectiore
1120 1213 1192 1274 Coe

186 1315 236 1395 pit
256 1315 360 1377 vereri
386 1334 426 1375 ne
455 1315 516 1376 sibi
544 1304 719 1409 irascere-m
741 1298 801 1376 nec*
825 1316 1004 1392 fallebatur,
1026 1318 1189 1379 irascebar.

150 1434 166 1479 2
186 1402 312 1483 Rustici
339 1420 472 1481 Aruleni
503 1420 676 1499 periculum
704 1422 836 1497 foverat,
861 1423 1059 1483 exultaverat
1082 1429 1191 1499 morte,
1212 1437 1227 1481 c

186 1528 264 1589 adeo
283 1534 320 1589 ut
340 1528 457 1589 librum
475 1529 622 1589 recitaret
641 1528 885 1606 publicaretque,
901 1528 935 1588 in
949 1548 1011 1607 quo
1024 1529 1192 1589 Rusticum

150 1726 359 1799 &vitelliana
384 1738 529 1813 cicatrice
557 1732 752 1814 stigmosumss
799 1738 954 1815 Agnoscis
980 1739 1190 1817 eloquentiam
1200 1681 1326 1815 war

185 1842 309 1918 Reguli.
353 1806 702 1904 Ladditt'flerennium
724 1843 936 1919 Senecionem,
956 1849 1022 1903 tam
1041 1843 1211 1922 intempe‘
1232 1884 1235 1889 -

185 1954 291 2007 ranter
310 1948 437 2026 quidem
451 1954 489 2008 ut
505 1947 622 2008 dixerit
636 1948 665 2007 ei
680 1948 798 2009 Metius
813 1948 911 2009 Carus
930 1954 938 1984 ‘
947 1948 1024 2026 quid
1041 1949 1100 2009 tibi
1120 1969 1190 2010 cum
1212 1965 1238 2009 ιι

185 2052 263 2113 meis
282 2052 441 2113 mortuis?
462 2073 485 2112 ιι
539 2054 617 2131 quid
633 2072 691 2130 ego
704 2054 817 2115 Crasso
832 2058 887 2113 aut
901 2053 1066 2114 Camerino
1083 2055 1190 2116 moles-

150 2162 237 2218 scus
254 2158 367 2219 sum?'
387 2177 466 2237 quos
489 2156 500 2217 i
526 2142 622 2219 esch
642 2160 767 2219 Nerone
786 2164 994 2218 accusaverat.
1038 2161 1126 2220 Haec
1140 2179 1189 2219 me

185 2262 326 2339 Regulus
354 2263 496 2323 dolenter
520 2262 632 2324 tulisse
660 2263 814 2351 credebat,
840 2263 972 2341 ideoque
996 2263 1092 2324 etiam
1119 2283 1190 2324 cum

184 2367 332 2428 recitaret
360 2367 486 2444 librum,
513 2386 576 2428 non
605 2346 799 2430 adhllruerat.
848 2369 1016 2429 Praeterea
1050 2369 1191 2429 reminis-

184 2474 313 2533 cebatur
337 2492 430 2551 quam
455 2472 634 2551 capitaliter
657 2473 762 2551 ipsum
790 2492 840 2534 me
867 2474 951 2553 apud
978 2475 1189 2535 centumviros
1210 2488 1238 2532 ro

124 2620 128 2629 .
147 2586 164 2633 u
184 2574 370 2639 lacessisset
412 2578 549 2639 Aderam
574 2578 776 2654 Arrionillae,
797 2578 938 2639 Timonis
959 2579 1059 2654 uxori,
1078 2584 1189 2657 rogatu

184 2680 318 2743 Aruleni
345 2682 487 2759 Rustici3
518 2682 660 2762 Regulus
688 2689 804 2744 contra
856 2683 1045 2744 Nitebamur
1074 2704 1130 2745 nos
1155 2685 1188 2742 in

183 2890 219 2953 in
232 2891 329 2953 exilio
342 2898 420 2970 erat,
434 2912 454 2954 a
466 2892 650 2954 Domitiano
666 2894 831 2970 relegatus.
872 2894 954 2954 Ecce
971 2894 1030 2954 tibi
1046 2894 1188 2971 Regulus

185 2996 337 3077 ‘quaero’
367 2995 483 3077 inquit,
511 2998 680 3074 ‘Secunda
709 2999 787 3076 quid
814 2999 853 3059 de
877 2999 1022 3060 Modesto
1049 3000 1186 3060 sentias!
1208 3015 1238 3060 ao

79 3180 83 3189 Ι
177 3088 285 3163 ¹Vides
310 3103 394 3181 quod
427 3102 611 3181 periculum,
639 3102 667 3163 si
694 3103 925 3181 respondissem
956 3104 1073 3178 ‘bena'
1104 3106 1186 3182 quod

183 3204 349 3283 flagitium,
365 3207 393 3268 si
410 3207 526 3268 ‘mele’
567 3208 641 3268 Non
656 3226 782 3285 possum
797 3208 899 3267 dicere
916 3207 1004 3268 aliud
1018 3214 1094 3269 tunc
1108 3209 1188 3268 mihi

184 3330 280 3390 quam
301 3312 375 3373 deos
396 3311 545 3373 adfuisse.
589 3312 829 3389 ‘Respondebo'
852 3311 981 3390 inquam
1006 3313 1049 3373 ‘si
1069 3314 1108 3372 de
1128 3313 1187 3373 hoe

184 3416 373 3477 centumviri
396 3416 567 3477 iudicaturi
591 3418 683 3477 sunt!
726 3419 848 3478 Rursus
873 3417 929 3476 ille
952 3422 1085 3494 ‘quaero
1110 3418 1188 3495 quid

146 3521 224 3582 cde
255 3522 399 3582 Modesto
429 3521 565 3582 sentias!
616 3522 736 3582 Iterum
765 3539 822 3597 ego
847 3521 1009 3583 ‘solebant
1032 3528 1129 3582 testes
1154 3522 1187 3581 in
1207 3540 1236 3585 as

183 3644 262 3702 reos,
276 3646 339 3686 nou
357 3625 390 3685 in
408 3627 572 3687 damnatos
590 3626 796 3703 interrogari!
836 3626 942 3686 Tertio
957 3626 1012 3685 ille
1027 3632 1106 3686 ‘non
1124 3626 1185 3686 iam

183 3730 262 3808 quid
282 3731 321 3791 de
340 3731 494 3806 Modesto,
516 3731 571 3791 sed
592 3730 669 3810 quid
690 3730 729 3790 de
750 3724 880 3813 pietate?
891 3730 1028 3792 Modesti
1050 3730 1186 3791 sentias!
