2782 4164
630 312 661 364 Ο.
685 312 784 362 PLINI

598 567 650 629 rs
679 564 833 648 (xviri)

456 721 488 772 C.
512 720 657 772 PLINIUS
680 720 832 772 CANINIO
855 719 923 772 SUO
946 720 973 772 S.

425 864 496 914 How
507 869 533 914 to
545 863 623 913 make
635 877 672 913 on
684 863 847 914 endowment
856 864 1001 926 perpetual.

254 1004 419 1066 Deliberas
433 1021 555 1063 mecum
569 1003 830 1080 quemadmodum
851 1003 984 1080 pecunia
1004 1022 1097 1081 quam
1119 1004 1218 1063 muni-
1237 1013 1249 1061 1

213 1111 336 1189 cipibus
350 1109 467 1170 nostris
482 1109 516 1167 in
530 1107 656 1186 epulum
678 1107 822 1168 obtulisti
843 1113 915 1186 post
935 1114 966 1168 te
987 1127 1110 1186 quoque
1129 1109 1219 1169 salva

215 1217 265 1276 sit.
308 1216 453 1275 Honesta
475 1212 673 1287 consultatio,
694 1232 757 1271 non
778 1213 926 1290 expedita
945 1213 1110 1274 sententia.
1152 1214 1219 1274 Nu-

213 1339 314 1381 meres
328 1319 375 1379 rei
388 1318 532 1397 publicae
550 1320 729 1378 summam?
749 1317 919 1377 verendum
934 1323 982 1377 est
996 1336 1035 1377 ne
1049 1318 1215 1379 dilabatur.

179 1445 196 1492 s
214 1427 279 1485 Des
293 1427 410 1501 agros?
430 1428 468 1482 ut
481 1421 600 1501 publici
620 1421 832 1498 neglegentur.
874 1422 1030 1500 Equidem
1044 1421 1125 1481 nihil
1139 1441 1218 1483 com·
1236 1439 1251 1484 a

214 1531 337 1591 modius
358 1528 484 1588 invenio
506 1546 601 1606 quam
622 1527 706 1605 quod
731 1527 799 1604 ipse
823 1527 893 1587 feci.
935 1527 1018 1587 Nam
1045 1546 1102 1605 pro
1130 1528 1218 1606 quin-

214 1635 318 1713 gentis
339 1633 467 1694 milibus
488 1651 660 1707 nummum,
682 1650 762 1709 quae
782 1632 816 1691 in
837 1632 988 1692 elimenta
1010 1632 1218 1708 ingenuorum

214 1741 482 1817 ingenuarumque
496 1737 709 1815 promiseram,
724 1756 832 1812 agrum
854 1755 893 1795 ex
908 1716 992 1798 ⁸meis
1010 1737 1101 1814 longe
1115 1738 1217 1816 pluris

214 1844 312 1906 actori
346 1843 472 1923 publico
505 1841 699 1919 mancipavi:
735 1841 867 1901 eundern
897 1842 1044 1918 vectigali
1078 1843 1217 1921 inposito

165 1966 195 2012 ιο
214 1949 325 2028 recepi,
347 1949 467 2009 tricena
494 1948 583 2007 milia
609 1966 714 2007 annua
737 1948 875 2008 daturus.
917 1948 979 2007 Per
999 1948 1057 2008 hoc
1079 1949 1163 2008 enim
1184 1955 1217 2010 et
1235 1958 1250 2004 3

214 2055 259 2114 rei
287 2053 430 2132 publicae
455 2071 521 2113 sors
546 2052 581 2110 in
604 2057 674 2111 tuto
697 2070 754 2111 nec
778 2051 898 2111 reditus
920 2052 1067 2127 incertus,
1090 2058 1121 2112 et
1142 2072 1216 2129 ager

97 2221 99 2225 ,
214 2159 282 2236 ipse
303 2163 431 2236 propter
451 2157 485 2216 id
507 2157 590 2234 quod
611 2157 745 2232 vectigal
770 2156 855 2232 large
876 2157 1067 2235 supercurrit
1094 2177 1216 2237 semper

214 2263 383 2338 dominum,
405 2281 425 2322 a
448 2280 510 2339 quo
534 2267 723 2337 exerceatur,
744 2261 892 2321 inveniet.
934 2262 1002 2321 Nec
1030 2261 1138 2338 ignoro
1165 2276 1250 2323 mes

213 2368 285 2446 plus
300 2367 462 2445 aliquanto
477 2384 571 2444 quam
585 2366 717 2426 donasse
730 2365 839 2425 videor
857 2366 1042 2442 erogavisse,
1057 2385 1128 2426 cum
1149 2365 1216 2444 pu]-

165 2471 361 2538 1scherrimi
388 2470 456 2546 agri
483 2470 620 2548 pretium
651 2470 820 2531 necessitas
849 2470 1011 2546 vectigalis
1038 2471 1213 2546 infregerit.

214 2577 275 2638 Sed
304 2581 427 2654 oportet
460 2575 592 2652 privatis
626 2574 818 2634 utilitatibus
853 2574 1002 2652 publicas
1030 2576 1249 2656 mortalibust

213 2688 356 2742 aeternas
378 2680 543 2755 anteferre,
558 2677 718 2756 multoque
740 2679 922 2756 diligentius
940 2680 1062 2739 muneri
1077 2699 1132 2740 suo
1147 2699 1216 2741 con·

214 2786 315 2846 sulere
330 2803 423 2863 quam
437 2784 652 2845 facultatibus.
696 2784 782 2846 Vale.

612 3013 664 3074 79.
693 3009 811 3092 (xrx.)

466 3157 495 3208 O.
521 3156 666 3207 PLINIUS
689 3155 817 3208 PRISCO
841 3156 909 3208 SUO
932 3157 958 3208 S.

421 3290 518 3341 Illness
530 3291 562 3352 os
569 3291 680 3340 Fannia
687 3309 697 3355 ,-
716 3290 764 3340 ber
776 3291 853 3340 noble
865 3291 1007 3341 character.

252 3421 352 3498 Angit
379 3439 429 3481 me
456 3420 594 3480 Fanniae
622 3420 777 3480 valetudo.
829 3420 993 3482 Contraxit
1020 3420 1110 3497 hanc,
1138 3422 1247 3481 dumi

164 3557 194 3602 ω
213 3526 338 3588 adsidet
358 3524 468 3585 Iuniae
482 3524 607 3601 virgini,
623 3531 733 3602 sponte
748 3525 884 3602 primum
901 3523 963 3603 (est
977 3525 1060 3585 enim
1074 3526 1213 3609 adfinis),

213 3631 326 3692 deinde
347 3629 443 3690 etiam
464 3648 503 3689 ex
524 3629 710 3690 auctoritate
731 3629 922 3707 pontificum.
964 3631 1048 3691 Nam
1065 3631 1213 3707 virgines,
1234 3641 1249 3686 s

212 3756 283 3797 cum
303 3735 336 3794 vi
357 3734 456 3795 morbi
477 3733 557 3794 atrio
577 3734 691 3796 Vestae
713 3740 865 3814 coguntur
885 3735 1043 3813 excedere,
1062 3741 1216 3799 matrona·
